%YAML 1.1
%TAG !u! tag:unity3d.com,2011:
--- !u!29 &1
SceneSettings:
  m_ObjectHideFlags: 0
  m_PVSData: 
  m_PVSObjectsArray: []
  m_PVSPortalsArray: []
  m_OcclusionBakeSettings:
    smallestOccluder: 5
    smallestHole: 0.25
    backfaceThreshold: 100
--- !u!104 &2
RenderSettings:
  m_ObjectHideFlags: 0
  serializedVersion: 6
  m_Fog: 0
  m_FogColor: {r: 0.5, g: 0.5, b: 0.5, a: 1}
  m_FogMode: 3
  m_FogDensity: 0.01
  m_LinearFogStart: 0
  m_LinearFogEnd: 300
  m_AmbientSkyColor: {r: 0.212, g: 0.227, b: 0.259, a: 1}
  m_AmbientEquatorColor: {r: 0.114, g: 0.125, b: 0.133, a: 1}
  m_AmbientGroundColor: {r: 0.047, g: 0.043, b: 0.035, a: 1}
  m_AmbientIntensity: 1
  m_AmbientMode: 3
  m_SkyboxMaterial: {fileID: 0}
  m_HaloStrength: 0.5
  m_FlareStrength: 1
  m_FlareFadeSpeed: 3
  m_HaloTexture: {fileID: 0}
  m_SpotCookie: {fileID: 10001, guid: 0000000000000000e000000000000000, type: 0}
  m_DefaultReflectionMode: 0
  m_DefaultReflectionResolution: 128
  m_ReflectionBounces: 1
  m_ReflectionIntensity: 1
  m_CustomReflection: {fileID: 0}
  m_Sun: {fileID: 0}
--- !u!157 &3
LightmapSettings:
  m_ObjectHideFlags: 0
  serializedVersion: 6
  m_GIWorkflowMode: 1
  m_LightmapsMode: 1
  m_GISettings:
    serializedVersion: 2
    m_BounceScale: 1
    m_IndirectOutputScale: 1
    m_AlbedoBoost: 1
    m_TemporalCoherenceThreshold: 1
    m_EnvironmentLightingMode: 0
    m_EnableBakedLightmaps: 0
    m_EnableRealtimeLightmaps: 0
  m_LightmapEditorSettings:
    serializedVersion: 3
    m_Resolution: 2
    m_BakeResolution: 40
    m_TextureWidth: 1024
    m_TextureHeight: 1024
    m_AOMaxDistance: 1
    m_Padding: 2
    m_CompAOExponent: 0
    m_LightmapParameters: {fileID: 0}
    m_TextureCompression: 1
    m_FinalGather: 0
    m_FinalGatherRayCount: 1024
    m_ReflectionCompression: 2
  m_LightingDataAsset: {fileID: 0}
  m_RuntimeCPUUsage: 25
--- !u!196 &4
NavMeshSettings:
  serializedVersion: 2
  m_ObjectHideFlags: 0
  m_BuildSettings:
    serializedVersion: 2
    agentRadius: 0.5
    agentHeight: 2
    agentSlope: 45
    agentClimb: 0.4
    ledgeDropHeight: 0
    maxJumpAcrossDistance: 0
    accuratePlacement: 0
    minRegionArea: 2
    cellSize: 0.16666667
    manualCellSize: 0
  m_NavMeshData: {fileID: 0}
--- !u!1001 &42930550
Prefab:
  m_ObjectHideFlags: 0
  serializedVersion: 2
  m_Modification:
    m_TransformParent: {fileID: 0}
    m_Modifications:
    - target: {fileID: 400002, guid: ea80d6bdef891ff449993e6c4006f7c6, type: 3}
      propertyPath: m_LocalPosition.x
      value: 2.451
      objectReference: {fileID: 0}
    - target: {fileID: 400002, guid: ea80d6bdef891ff449993e6c4006f7c6, type: 3}
      propertyPath: m_LocalPosition.y
      value: 1.024
      objectReference: {fileID: 0}
    - target: {fileID: 400002, guid: ea80d6bdef891ff449993e6c4006f7c6, type: 3}
      propertyPath: m_LocalPosition.z
      value: 3.398
      objectReference: {fileID: 0}
    - target: {fileID: 400002, guid: ea80d6bdef891ff449993e6c4006f7c6, type: 3}
      propertyPath: m_LocalRotation.x
      value: 0
      objectReference: {fileID: 0}
    - target: {fileID: 400002, guid: ea80d6bdef891ff449993e6c4006f7c6, type: 3}
      propertyPath: m_LocalRotation.y
      value: -0.7071068
      objectReference: {fileID: 0}
    - target: {fileID: 400002, guid: ea80d6bdef891ff449993e6c4006f7c6, type: 3}
      propertyPath: m_LocalRotation.z
      value: 0
      objectReference: {fileID: 0}
    - target: {fileID: 400002, guid: ea80d6bdef891ff449993e6c4006f7c6, type: 3}
      propertyPath: m_LocalRotation.w
      value: 0.7071067
      objectReference: {fileID: 0}
    - target: {fileID: 400002, guid: ea80d6bdef891ff449993e6c4006f7c6, type: 3}
      propertyPath: m_RootOrder
      value: 1
      objectReference: {fileID: 0}
    - target: {fileID: 2300000, guid: ea80d6bdef891ff449993e6c4006f7c6, type: 3}
      propertyPath: m_Materials.Array.data[0]
      value: 
      objectReference: {fileID: 2100000, guid: 81541c80133b91e42b70a32f5ffee727, type: 2}
    m_RemovedComponents: []
  m_ParentPrefab: {fileID: 100100000, guid: ea80d6bdef891ff449993e6c4006f7c6, type: 3}
  m_IsPrefabParent: 0
--- !u!4 &58357366 stripped
Transform:
  m_PrefabParentObject: {fileID: 400000, guid: c96a2129eab341846a49c166388622fb, type: 3}
  m_PrefabInternal: {fileID: 533298390}
--- !u!1 &73587112 stripped
GameObject:
  m_PrefabParentObject: {fileID: 100000, guid: 88751fd5fb07bdb418ae6d0bfd7f0063, type: 3}
  m_PrefabInternal: {fileID: 186976041}
--- !u!65 &73587114
BoxCollider:
  m_ObjectHideFlags: 0
  m_PrefabParentObject: {fileID: 0}
  m_PrefabInternal: {fileID: 0}
  m_GameObject: {fileID: 73587112}
  m_Material: {fileID: 0}
  m_IsTrigger: 1
  m_Enabled: 1
  serializedVersion: 2
  m_Size: {x: 2.2401478, y: 2.3486, z: 0.46556425}
  m_Center: {x: 0.0000061315295, y: 1.1673658, z: 0.5649974}
--- !u!65 &73587116
BoxCollider:
  m_ObjectHideFlags: 0
  m_PrefabParentObject: {fileID: 0}
  m_PrefabInternal: {fileID: 0}
  m_GameObject: {fileID: 73587112}
  m_Material: {fileID: 0}
  m_IsTrigger: 0
  m_Enabled: 1
  serializedVersion: 2
  m_Size: {x: 2.3999999, y: 0.29381847, z: 1.9999998}
  m_Center: {x: 0, y: -0.11281538, z: 0}
--- !u!114 &73587117
MonoBehaviour:
  m_ObjectHideFlags: 0
  m_PrefabParentObject: {fileID: 0}
  m_PrefabInternal: {fileID: 0}
  m_GameObject: {fileID: 73587112}
  m_Enabled: 1
  m_EditorHideFlags: 0
  m_Script: {fileID: 11500000, guid: 88636914daa210843a8aa6e9f763e8e5, type: 3}
  m_Name: 
  m_EditorClassIdentifier: 
--- !u!1 &108870786
GameObject:
  m_ObjectHideFlags: 0
  m_PrefabParentObject: {fileID: 0}
  m_PrefabInternal: {fileID: 0}
  serializedVersion: 4
  m_Component:
  - 4: {fileID: 108870787}
  - 95: {fileID: 108870790}
  - 65: {fileID: 108870789}
  - 114: {fileID: 108870791}
  - 82: {fileID: 108870792}
  m_Layer: 0
  m_Name: Elevator
  m_TagString: Untagged
  m_Icon: {fileID: 0}
  m_NavMeshLayer: 0
  m_StaticEditorFlags: 0
  m_IsActive: 1
--- !u!4 &108870787
Transform:
  m_ObjectHideFlags: 0
  m_PrefabParentObject: {fileID: 0}
  m_PrefabInternal: {fileID: 0}
  m_GameObject: {fileID: 108870786}
  m_LocalRotation: {x: 0, y: 0.7071068, z: 0, w: 0.7071067}
  m_LocalPosition: {x: 2.5, y: -0.09, z: 5}
  m_LocalScale: {x: 1, y: 1, z: 1}
  m_Children:
  - {fileID: 794870563}
  - {fileID: 803415521}
  - {fileID: 2133974189}
  - {fileID: 940518204}
  - {fileID: 1835443389}
  - {fileID: 1949209730}
  m_Father: {fileID: 0}
  m_RootOrder: 17
--- !u!65 &108870789
BoxCollider:
  m_ObjectHideFlags: 0
  m_PrefabParentObject: {fileID: 0}
  m_PrefabInternal: {fileID: 0}
  m_GameObject: {fileID: 108870786}
  m_Material: {fileID: 0}
  m_IsTrigger: 0
  m_Enabled: 0
  serializedVersion: 2
  m_Size: {x: 1, y: 2.199636, z: 1.0607184}
  m_Center: {x: 0.0000000036144172, y: 0.599818, z: -0.030319927}
--- !u!95 &108870790
Animator:
  serializedVersion: 3
  m_ObjectHideFlags: 0
  m_PrefabParentObject: {fileID: 0}
  m_PrefabInternal: {fileID: 0}
  m_GameObject: {fileID: 108870786}
  m_Enabled: 1
  m_Avatar: {fileID: 0}
  m_Controller: {fileID: 9100000, guid: 7a84b28c1ef9f494b9cbf4e7f4a76e05, type: 2}
  m_CullingMode: 0
  m_UpdateMode: 0
  m_ApplyRootMotion: 0
  m_LinearVelocityBlending: 0
  m_WarningMessage: 
  m_HasTransformHierarchy: 1
  m_AllowConstantClipSamplingOptimization: 1
--- !u!114 &108870791
MonoBehaviour:
  m_ObjectHideFlags: 0
  m_PrefabParentObject: {fileID: 0}
  m_PrefabInternal: {fileID: 0}
  m_GameObject: {fileID: 108870786}
  m_Enabled: 1
  m_EditorHideFlags: 0
  m_Script: {fileID: 11500000, guid: 4f5fea4594ccd7c47bb4549690abca18, type: 3}
  m_Name: 
  m_EditorClassIdentifier: 
--- !u!82 &108870792
AudioSource:
  m_ObjectHideFlags: 0
  m_PrefabParentObject: {fileID: 0}
  m_PrefabInternal: {fileID: 0}
  m_GameObject: {fileID: 108870786}
  m_Enabled: 1
  serializedVersion: 4
  OutputAudioMixerGroup: {fileID: 0}
  m_audioClip: {fileID: 8300000, guid: 68fde962dae81e64c8fd49dba8d664a0, type: 3}
  m_PlayOnAwake: 0
  m_Volume: 1
  m_Pitch: 1
  Loop: 0
  Mute: 0
  Spatialize: 0
  Priority: 128
  DopplerLevel: 1
  MinDistance: 1
  MaxDistance: 500
  Pan2D: 0
  rolloffMode: 0
  BypassEffects: 0
  BypassListenerEffects: 0
  BypassReverbZones: 0
  rolloffCustomCurve:
    serializedVersion: 2
    m_Curve:
    - time: 0
      value: 1
      inSlope: 0
      outSlope: 0
      tangentMode: 0
    - time: 1
      value: 0
      inSlope: 0
      outSlope: 0
      tangentMode: 0
    m_PreInfinity: 2
    m_PostInfinity: 2
    m_RotationOrder: 4
  panLevelCustomCurve:
    serializedVersion: 2
    m_Curve:
    - time: 0
      value: 0
      inSlope: 0
      outSlope: 0
      tangentMode: 0
    m_PreInfinity: 2
    m_PostInfinity: 2
    m_RotationOrder: 0
  spreadCustomCurve:
    serializedVersion: 2
    m_Curve:
    - time: 0
      value: 0
      inSlope: 0
      outSlope: 0
      tangentMode: 0
    m_PreInfinity: 2
    m_PostInfinity: 2
    m_RotationOrder: 4
  reverbZoneMixCustomCurve:
    serializedVersion: 2
    m_Curve:
    - time: 0
      value: 1
      inSlope: 0
      outSlope: 0
      tangentMode: 0
    m_PreInfinity: 2
    m_PostInfinity: 2
    m_RotationOrder: 0
--- !u!1 &112997677
GameObject:
  m_ObjectHideFlags: 0
  m_PrefabParentObject: {fileID: 0}
  m_PrefabInternal: {fileID: 0}
  serializedVersion: 4
  m_Component:
  - 4: {fileID: 112997681}
  - 33: {fileID: 112997680}
  - 64: {fileID: 112997679}
  - 23: {fileID: 112997678}
  m_Layer: 0
  m_Name: Plane
  m_TagString: Untagged
  m_Icon: {fileID: 0}
  m_NavMeshLayer: 0
  m_StaticEditorFlags: 0
  m_IsActive: 1
--- !u!23 &112997678
MeshRenderer:
  m_ObjectHideFlags: 0
  m_PrefabParentObject: {fileID: 0}
  m_PrefabInternal: {fileID: 0}
  m_GameObject: {fileID: 112997677}
  m_Enabled: 1
  m_CastShadows: 1
  m_ReceiveShadows: 1
  m_Materials:
  - {fileID: 2100000, guid: 2f9bdb628ee98ce4d9945f4ababe7712, type: 2}
  m_SubsetIndices: 
  m_StaticBatchRoot: {fileID: 0}
  m_UseLightProbes: 1
  m_ReflectionProbeUsage: 1
  m_ProbeAnchor: {fileID: 0}
  m_ScaleInLightmap: 1
  m_PreserveUVs: 1
  m_IgnoreNormalsForChartDetection: 0
  m_ImportantGI: 0
  m_MinimumChartSize: 4
  m_AutoUVMaxDistance: 0.5
  m_AutoUVMaxAngle: 89
  m_LightmapParameters: {fileID: 0}
  m_SortingLayerID: 0
  m_SortingOrder: 0
--- !u!64 &112997679
MeshCollider:
  m_ObjectHideFlags: 0
  m_PrefabParentObject: {fileID: 0}
  m_PrefabInternal: {fileID: 0}
  m_GameObject: {fileID: 112997677}
  m_Material: {fileID: 0}
  m_IsTrigger: 0
  m_Enabled: 1
  serializedVersion: 2
  m_Convex: 0
  m_Mesh: {fileID: 10209, guid: 0000000000000000e000000000000000, type: 0}
--- !u!33 &112997680
MeshFilter:
  m_ObjectHideFlags: 0
  m_PrefabParentObject: {fileID: 0}
  m_PrefabInternal: {fileID: 0}
  m_GameObject: {fileID: 112997677}
  m_Mesh: {fileID: 10209, guid: 0000000000000000e000000000000000, type: 0}
--- !u!4 &112997681
Transform:
  m_ObjectHideFlags: 0
  m_PrefabParentObject: {fileID: 0}
  m_PrefabInternal: {fileID: 0}
  m_GameObject: {fileID: 112997677}
  m_LocalRotation: {x: 0, y: 0, z: 0.7071068, w: 0.7071067}
  m_LocalPosition: {x: 0, y: -5, z: 2.5}
  m_LocalScale: {x: 1, y: 1, z: 1}
  m_Children: []
  m_Father: {fileID: 0}
  m_RootOrder: 19
--- !u!1001 &150621040
Prefab:
  m_ObjectHideFlags: 0
  serializedVersion: 2
  m_Modification:
    m_TransformParent: {fileID: 108870787}
    m_Modifications:
    - target: {fileID: 400002, guid: f9de0e170ea51ed4a9faec0929d17589, type: 3}
      propertyPath: m_LocalPosition.x
      value: 0
      objectReference: {fileID: 0}
    - target: {fileID: 400002, guid: f9de0e170ea51ed4a9faec0929d17589, type: 3}
      propertyPath: m_LocalPosition.y
      value: 0
      objectReference: {fileID: 0}
    - target: {fileID: 400002, guid: f9de0e170ea51ed4a9faec0929d17589, type: 3}
      propertyPath: m_LocalPosition.z
      value: 0
      objectReference: {fileID: 0}
    - target: {fileID: 400002, guid: f9de0e170ea51ed4a9faec0929d17589, type: 3}
      propertyPath: m_LocalRotation.x
      value: 0
      objectReference: {fileID: 0}
    - target: {fileID: 400002, guid: f9de0e170ea51ed4a9faec0929d17589, type: 3}
      propertyPath: m_LocalRotation.y
      value: 0
      objectReference: {fileID: 0}
    - target: {fileID: 400002, guid: f9de0e170ea51ed4a9faec0929d17589, type: 3}
      propertyPath: m_LocalRotation.z
      value: 0
      objectReference: {fileID: 0}
    - target: {fileID: 400002, guid: f9de0e170ea51ed4a9faec0929d17589, type: 3}
      propertyPath: m_LocalRotation.w
      value: 1
      objectReference: {fileID: 0}
    - target: {fileID: 400002, guid: f9de0e170ea51ed4a9faec0929d17589, type: 3}
      propertyPath: m_RootOrder
      value: 3
      objectReference: {fileID: 0}
    - target: {fileID: 2300000, guid: f9de0e170ea51ed4a9faec0929d17589, type: 3}
      propertyPath: m_Enabled
      value: 0
      objectReference: {fileID: 0}
    - target: {fileID: 2300000, guid: f9de0e170ea51ed4a9faec0929d17589, type: 3}
      propertyPath: m_Materials.Array.data[0]
      value: 
      objectReference: {fileID: 2100000, guid: 81541c80133b91e42b70a32f5ffee727, type: 2}
    m_RemovedComponents: []
  m_ParentPrefab: {fileID: 100100000, guid: f9de0e170ea51ed4a9faec0929d17589, type: 3}
  m_IsPrefabParent: 0
--- !u!1001 &159236023
Prefab:
  m_ObjectHideFlags: 0
  serializedVersion: 2
  m_Modification:
    m_TransformParent: {fileID: 0}
    m_Modifications:
    - target: {fileID: 428934, guid: c27442c9b8a43f843a52e7567b24b5c9, type: 2}
      propertyPath: m_LocalPosition.x
      value: 1.25
      objectReference: {fileID: 0}
    - target: {fileID: 428934, guid: c27442c9b8a43f843a52e7567b24b5c9, type: 2}
      propertyPath: m_LocalPosition.y
      value: 1.25
      objectReference: {fileID: 0}
    - target: {fileID: 428934, guid: c27442c9b8a43f843a52e7567b24b5c9, type: 2}
      propertyPath: m_LocalPosition.z
      value: -2.5
      objectReference: {fileID: 0}
    - target: {fileID: 428934, guid: c27442c9b8a43f843a52e7567b24b5c9, type: 2}
      propertyPath: m_LocalRotation.x
      value: 0.7071068
      objectReference: {fileID: 0}
    - target: {fileID: 428934, guid: c27442c9b8a43f843a52e7567b24b5c9, type: 2}
      propertyPath: m_LocalRotation.y
      value: 0
      objectReference: {fileID: 0}
    - target: {fileID: 428934, guid: c27442c9b8a43f843a52e7567b24b5c9, type: 2}
      propertyPath: m_LocalRotation.z
      value: 0
      objectReference: {fileID: 0}
    - target: {fileID: 428934, guid: c27442c9b8a43f843a52e7567b24b5c9, type: 2}
      propertyPath: m_LocalRotation.w
      value: 0.7071067
      objectReference: {fileID: 0}
    - target: {fileID: 428934, guid: c27442c9b8a43f843a52e7567b24b5c9, type: 2}
      propertyPath: m_RootOrder
      value: 2
      objectReference: {fileID: 0}
    - target: {fileID: 133844, guid: c27442c9b8a43f843a52e7567b24b5c9, type: 2}
      propertyPath: m_Name
      value: Wall Right
      objectReference: {fileID: 0}
    - target: {fileID: 428934, guid: c27442c9b8a43f843a52e7567b24b5c9, type: 2}
      propertyPath: m_LocalScale.x
      value: 0.25
      objectReference: {fileID: 0}
    - target: {fileID: 428934, guid: c27442c9b8a43f843a52e7567b24b5c9, type: 2}
      propertyPath: m_LocalScale.y
      value: 0.5
      objectReference: {fileID: 0}
    - target: {fileID: 428934, guid: c27442c9b8a43f843a52e7567b24b5c9, type: 2}
      propertyPath: m_LocalScale.z
      value: 0.25
      objectReference: {fileID: 0}
    m_RemovedComponents: []
  m_ParentPrefab: {fileID: 100100000, guid: c27442c9b8a43f843a52e7567b24b5c9, type: 2}
  m_IsPrefabParent: 0
--- !u!1001 &186976041
Prefab:
  m_ObjectHideFlags: 0
  serializedVersion: 2
  m_Modification:
    m_TransformParent: {fileID: 0}
    m_Modifications:
    - target: {fileID: 400002, guid: 88751fd5fb07bdb418ae6d0bfd7f0063, type: 3}
      propertyPath: m_LocalPosition.x
      value: 3.57
      objectReference: {fileID: 0}
    - target: {fileID: 400002, guid: 88751fd5fb07bdb418ae6d0bfd7f0063, type: 3}
      propertyPath: m_LocalPosition.y
      value: -45
      objectReference: {fileID: 0}
    - target: {fileID: 400002, guid: 88751fd5fb07bdb418ae6d0bfd7f0063, type: 3}
      propertyPath: m_LocalPosition.z
      value: 5.01
      objectReference: {fileID: 0}
    - target: {fileID: 400002, guid: 88751fd5fb07bdb418ae6d0bfd7f0063, type: 3}
      propertyPath: m_LocalRotation.x
      value: 0
      objectReference: {fileID: 0}
    - target: {fileID: 400002, guid: 88751fd5fb07bdb418ae6d0bfd7f0063, type: 3}
      propertyPath: m_LocalRotation.y
      value: 0.7071068
      objectReference: {fileID: 0}
    - target: {fileID: 400002, guid: 88751fd5fb07bdb418ae6d0bfd7f0063, type: 3}
      propertyPath: m_LocalRotation.z
      value: 0
      objectReference: {fileID: 0}
    - target: {fileID: 400002, guid: 88751fd5fb07bdb418ae6d0bfd7f0063, type: 3}
      propertyPath: m_LocalRotation.w
      value: 0.7071067
      objectReference: {fileID: 0}
    - target: {fileID: 400002, guid: 88751fd5fb07bdb418ae6d0bfd7f0063, type: 3}
      propertyPath: m_RootOrder
      value: 1
      objectReference: {fileID: 0}
    - target: {fileID: 400000, guid: 88751fd5fb07bdb418ae6d0bfd7f0063, type: 3}
      propertyPath: m_LocalPosition.y
      value: 0
      objectReference: {fileID: 0}
    - target: {fileID: 100002, guid: 88751fd5fb07bdb418ae6d0bfd7f0063, type: 3}
      propertyPath: m_Name
      value: ElevatorCar2
      objectReference: {fileID: 0}
    - target: {fileID: 2300000, guid: 88751fd5fb07bdb418ae6d0bfd7f0063, type: 3}
      propertyPath: m_Materials.Array.data[0]
      value: 
      objectReference: {fileID: 2100000, guid: 81541c80133b91e42b70a32f5ffee727, type: 2}
    m_RemovedComponents: []
  m_ParentPrefab: {fileID: 100100000, guid: 88751fd5fb07bdb418ae6d0bfd7f0063, type: 3}
  m_IsPrefabParent: 0
--- !u!4 &328414104 stripped
Transform:
  m_PrefabParentObject: {fileID: 400002, guid: 2036184afe7897944b4132f57782de0d, type: 3}
  m_PrefabInternal: {fileID: 1547035387}
--- !u!1 &359669947 stripped
GameObject:
  m_PrefabParentObject: {fileID: 100000, guid: ee64032ab6464434e807ff56d36c84af, type: 3}
  m_PrefabInternal: {fileID: 1332860481}
--- !u!82 &359669951
AudioSource:
  m_ObjectHideFlags: 0
  m_PrefabParentObject: {fileID: 0}
  m_PrefabInternal: {fileID: 0}
  m_GameObject: {fileID: 359669947}
  m_Enabled: 1
  serializedVersion: 4
  OutputAudioMixerGroup: {fileID: 0}
  m_audioClip: {fileID: 8300000, guid: cb6897af27c3fcd4793531ce4497b099, type: 3}
  m_PlayOnAwake: 0
  m_Volume: 1
  m_Pitch: 1
  Loop: 0
  Mute: 0
  Spatialize: 0
  Priority: 128
  DopplerLevel: 1
  MinDistance: 1
  MaxDistance: 500
  Pan2D: 0
  rolloffMode: 0
  BypassEffects: 0
  BypassListenerEffects: 0
  BypassReverbZones: 0
  rolloffCustomCurve:
    serializedVersion: 2
    m_Curve:
    - time: 0
      value: 1
      inSlope: 0
      outSlope: 0
      tangentMode: 0
    - time: 1
      value: 0
      inSlope: 0
      outSlope: 0
      tangentMode: 0
    m_PreInfinity: 2
    m_PostInfinity: 2
    m_RotationOrder: 4
  panLevelCustomCurve:
    serializedVersion: 2
    m_Curve:
    - time: 0
      value: 0
      inSlope: 0
      outSlope: 0
      tangentMode: 0
    m_PreInfinity: 2
    m_PostInfinity: 2
    m_RotationOrder: 0
  spreadCustomCurve:
    serializedVersion: 2
    m_Curve:
    - time: 0
      value: 0
      inSlope: 0
      outSlope: 0
      tangentMode: 0
    m_PreInfinity: 2
    m_PostInfinity: 2
    m_RotationOrder: 4
  reverbZoneMixCustomCurve:
    serializedVersion: 2
    m_Curve:
    - time: 0
      value: 1
      inSlope: 0
      outSlope: 0
      tangentMode: 0
    m_PreInfinity: 2
    m_PostInfinity: 2
    m_RotationOrder: 0
--- !u!65 &359669952
BoxCollider:
  m_ObjectHideFlags: 0
  m_PrefabParentObject: {fileID: 0}
  m_PrefabInternal: {fileID: 0}
  m_GameObject: {fileID: 359669947}
  m_Material: {fileID: 0}
  m_IsTrigger: 0
  m_Enabled: 1
  serializedVersion: 2
  m_Size: {x: 1, y: 2.859355, z: 0.7911298}
  m_Center: {x: 7.993606e-15, y: 0.9296775, z: 0.10443496}
--- !u!114 &359669953
MonoBehaviour:
  m_ObjectHideFlags: 0
  m_PrefabParentObject: {fileID: 0}
  m_PrefabInternal: {fileID: 0}
  m_GameObject: {fileID: 359669947}
  m_Enabled: 1
  m_EditorHideFlags: 0
  m_Script: {fileID: 11500000, guid: 4a7955ad66298424a817be40135a0c93, type: 3}
  m_Name: 
  m_EditorClassIdentifier: 
  doorNumber: 11
--- !u!1001 &481734961
Prefab:
  m_ObjectHideFlags: 0
  serializedVersion: 2
  m_Modification:
    m_TransformParent: {fileID: 108870787}
    m_Modifications:
    - target: {fileID: 400002, guid: d3caf1feada5a424ab12a6163dd04aaa, type: 3}
      propertyPath: m_LocalPosition.x
      value: 0
      objectReference: {fileID: 0}
    - target: {fileID: 400002, guid: d3caf1feada5a424ab12a6163dd04aaa, type: 3}
      propertyPath: m_LocalPosition.y
      value: 0
      objectReference: {fileID: 0}
    - target: {fileID: 400002, guid: d3caf1feada5a424ab12a6163dd04aaa, type: 3}
      propertyPath: m_LocalPosition.z
      value: 0
      objectReference: {fileID: 0}
    - target: {fileID: 400002, guid: d3caf1feada5a424ab12a6163dd04aaa, type: 3}
      propertyPath: m_LocalRotation.x
      value: 0
      objectReference: {fileID: 0}
    - target: {fileID: 400002, guid: d3caf1feada5a424ab12a6163dd04aaa, type: 3}
      propertyPath: m_LocalRotation.y
      value: 0
      objectReference: {fileID: 0}
    - target: {fileID: 400002, guid: d3caf1feada5a424ab12a6163dd04aaa, type: 3}
      propertyPath: m_LocalRotation.z
      value: 0
      objectReference: {fileID: 0}
    - target: {fileID: 400002, guid: d3caf1feada5a424ab12a6163dd04aaa, type: 3}
      propertyPath: m_LocalRotation.w
      value: 1
      objectReference: {fileID: 0}
    - target: {fileID: 400002, guid: d3caf1feada5a424ab12a6163dd04aaa, type: 3}
      propertyPath: m_RootOrder
      value: 4
      objectReference: {fileID: 0}
    - target: {fileID: 2300000, guid: d3caf1feada5a424ab12a6163dd04aaa, type: 3}
      propertyPath: m_Enabled
      value: 0
      objectReference: {fileID: 0}
    - target: {fileID: 2300000, guid: d3caf1feada5a424ab12a6163dd04aaa, type: 3}
      propertyPath: m_Materials.Array.data[0]
      value: 
      objectReference: {fileID: 2100000, guid: 81541c80133b91e42b70a32f5ffee727, type: 2}
    m_RemovedComponents: []
  m_ParentPrefab: {fileID: 100100000, guid: d3caf1feada5a424ab12a6163dd04aaa, type: 3}
  m_IsPrefabParent: 0
--- !u!1001 &485334308
Prefab:
  m_ObjectHideFlags: 0
  serializedVersion: 2
  m_Modification:
    m_TransformParent: {fileID: 108870787}
    m_Modifications:
    - target: {fileID: 400002, guid: b1b6993986ef5e349a285750fc8efc5d, type: 3}
      propertyPath: m_LocalPosition.x
      value: 0
      objectReference: {fileID: 0}
    - target: {fileID: 400002, guid: b1b6993986ef5e349a285750fc8efc5d, type: 3}
      propertyPath: m_LocalPosition.y
      value: 0
      objectReference: {fileID: 0}
    - target: {fileID: 400002, guid: b1b6993986ef5e349a285750fc8efc5d, type: 3}
      propertyPath: m_LocalPosition.z
      value: 0
      objectReference: {fileID: 0}
    - target: {fileID: 400002, guid: b1b6993986ef5e349a285750fc8efc5d, type: 3}
      propertyPath: m_LocalRotation.x
      value: 0
      objectReference: {fileID: 0}
    - target: {fileID: 400002, guid: b1b6993986ef5e349a285750fc8efc5d, type: 3}
      propertyPath: m_LocalRotation.y
      value: 0
      objectReference: {fileID: 0}
    - target: {fileID: 400002, guid: b1b6993986ef5e349a285750fc8efc5d, type: 3}
      propertyPath: m_LocalRotation.z
      value: 0
      objectReference: {fileID: 0}
    - target: {fileID: 400002, guid: b1b6993986ef5e349a285750fc8efc5d, type: 3}
      propertyPath: m_LocalRotation.w
      value: 1
      objectReference: {fileID: 0}
    - target: {fileID: 400002, guid: b1b6993986ef5e349a285750fc8efc5d, type: 3}
      propertyPath: m_RootOrder
      value: 2
      objectReference: {fileID: 0}
    - target: {fileID: 2300000, guid: b1b6993986ef5e349a285750fc8efc5d, type: 3}
      propertyPath: m_Enabled
      value: 0
      objectReference: {fileID: 0}
    - target: {fileID: 2300000, guid: b1b6993986ef5e349a285750fc8efc5d, type: 3}
      propertyPath: m_Materials.Array.data[0]
      value: 
      objectReference: {fileID: 2100000, guid: 81541c80133b91e42b70a32f5ffee727, type: 2}
    m_RemovedComponents: []
  m_ParentPrefab: {fileID: 100100000, guid: b1b6993986ef5e349a285750fc8efc5d, type: 3}
  m_IsPrefabParent: 0
--- !u!1001 &533298390
Prefab:
  m_ObjectHideFlags: 0
  serializedVersion: 2
  m_Modification:
    m_TransformParent: {fileID: 2139008143}
    m_Modifications:
    - target: {fileID: 400000, guid: c96a2129eab341846a49c166388622fb, type: 3}
      propertyPath: m_LocalPosition.x
      value: 0
      objectReference: {fileID: 0}
    - target: {fileID: 400000, guid: c96a2129eab341846a49c166388622fb, type: 3}
      propertyPath: m_LocalPosition.y
      value: 0
      objectReference: {fileID: 0}
    - target: {fileID: 400000, guid: c96a2129eab341846a49c166388622fb, type: 3}
      propertyPath: m_LocalPosition.z
      value: 0
      objectReference: {fileID: 0}
    - target: {fileID: 400000, guid: c96a2129eab341846a49c166388622fb, type: 3}
      propertyPath: m_LocalRotation.x
      value: 0
      objectReference: {fileID: 0}
    - target: {fileID: 400000, guid: c96a2129eab341846a49c166388622fb, type: 3}
      propertyPath: m_LocalRotation.y
      value: 0
      objectReference: {fileID: 0}
    - target: {fileID: 400000, guid: c96a2129eab341846a49c166388622fb, type: 3}
      propertyPath: m_LocalRotation.z
      value: 0
      objectReference: {fileID: 0}
    - target: {fileID: 400000, guid: c96a2129eab341846a49c166388622fb, type: 3}
      propertyPath: m_LocalRotation.w
      value: 1
      objectReference: {fileID: 0}
    - target: {fileID: 400000, guid: c96a2129eab341846a49c166388622fb, type: 3}
      propertyPath: m_RootOrder
      value: 0
      objectReference: {fileID: 0}
    - target: {fileID: 2300000, guid: c96a2129eab341846a49c166388622fb, type: 3}
      propertyPath: m_Materials.Array.data[0]
      value: 
      objectReference: {fileID: 2100000, guid: 81541c80133b91e42b70a32f5ffee727, type: 2}
    - target: {fileID: 2300000, guid: c96a2129eab341846a49c166388622fb, type: 3}
      propertyPath: m_Enabled
      value: 0
      objectReference: {fileID: 0}
    m_RemovedComponents: []
  m_ParentPrefab: {fileID: 100100000, guid: c96a2129eab341846a49c166388622fb, type: 3}
  m_IsPrefabParent: 0
--- !u!1 &737697957 stripped
GameObject:
  m_PrefabParentObject: {fileID: 100002, guid: ea80d6bdef891ff449993e6c4006f7c6, type: 3}
  m_PrefabInternal: {fileID: 42930550}
--- !u!114 &737697959
MonoBehaviour:
  m_ObjectHideFlags: 0
  m_PrefabParentObject: {fileID: 0}
  m_PrefabInternal: {fileID: 0}
  m_GameObject: {fileID: 737697957}
  m_Enabled: 1
  m_EditorHideFlags: 0
  m_Script: {fileID: 11500000, guid: f7f8da513554d4e43a08c6cd457a0395, type: 3}
  m_Name: 
  m_EditorClassIdentifier: 
--- !u!65 &737697960
BoxCollider:
  m_ObjectHideFlags: 0
  m_PrefabParentObject: {fileID: 0}
  m_PrefabInternal: {fileID: 0}
  m_GameObject: {fileID: 737697957}
  m_Material: {fileID: 0}
  m_IsTrigger: 0
  m_Enabled: 1
  serializedVersion: 2
  m_Size: {x: 0.5, y: 0.6, z: 0.2}
  m_Center: {x: 0, y: 0.25, z: 0}
--- !u!1 &746254127
GameObject:
  m_ObjectHideFlags: 0
  m_PrefabParentObject: {fileID: 0}
  m_PrefabInternal: {fileID: 0}
  serializedVersion: 4
  m_Component:
  - 4: {fileID: 746254131}
  - 33: {fileID: 746254130}
  - 64: {fileID: 746254129}
  - 23: {fileID: 746254128}
  m_Layer: 0
  m_Name: Wall Front
  m_TagString: Untagged
  m_Icon: {fileID: 0}
  m_NavMeshLayer: 0
  m_StaticEditorFlags: 0
  m_IsActive: 1
--- !u!23 &746254128
MeshRenderer:
  m_ObjectHideFlags: 0
  m_PrefabParentObject: {fileID: 0}
  m_PrefabInternal: {fileID: 0}
  m_GameObject: {fileID: 746254127}
  m_Enabled: 1
  m_CastShadows: 1
  m_ReceiveShadows: 1
  m_Materials:
  - {fileID: 2100000, guid: 41273ec9bbc16154a98b13ea748e0d53, type: 2}
  m_SubsetIndices: 
  m_StaticBatchRoot: {fileID: 0}
  m_UseLightProbes: 1
  m_ReflectionProbeUsage: 1
  m_ProbeAnchor: {fileID: 0}
  m_ScaleInLightmap: 1
  m_PreserveUVs: 1
  m_IgnoreNormalsForChartDetection: 0
  m_ImportantGI: 0
  m_MinimumChartSize: 4
  m_AutoUVMaxDistance: 0.5
  m_AutoUVMaxAngle: 89
  m_LightmapParameters: {fileID: 0}
  m_SortingLayerID: 0
  m_SortingOrder: 0
--- !u!64 &746254129
MeshCollider:
  m_ObjectHideFlags: 0
  m_PrefabParentObject: {fileID: 0}
  m_PrefabInternal: {fileID: 0}
  m_GameObject: {fileID: 746254127}
  m_Material: {fileID: 0}
  m_IsTrigger: 0
  m_Enabled: 1
  serializedVersion: 2
  m_Convex: 0
  m_Mesh: {fileID: 10209, guid: 0000000000000000e000000000000000, type: 0}
--- !u!33 &746254130
MeshFilter:
  m_ObjectHideFlags: 0
  m_PrefabParentObject: {fileID: 0}
  m_PrefabInternal: {fileID: 0}
  m_GameObject: {fileID: 746254127}
  m_Mesh: {fileID: 10209, guid: 0000000000000000e000000000000000, type: 0}
--- !u!4 &746254131
Transform:
  m_ObjectHideFlags: 0
  m_PrefabParentObject: {fileID: 0}
  m_PrefabInternal: {fileID: 0}
  m_GameObject: {fileID: 746254127}
  m_LocalRotation: {x: 0.5, y: 0.5, z: -0.5000001, w: 0.49999994}
  m_LocalPosition: {x: -0, y: 1.25, z: 2.5}
  m_LocalScale: {x: 1, y: 0.5, z: 0.25}
  m_Children: []
  m_Father: {fileID: 0}
  m_RootOrder: 9
--- !u!4 &794870563 stripped
Transform:
  m_PrefabParentObject: {fileID: 400002, guid: 7193b88e88f7e6647bac21d3daa0f0c4, type: 3}
  m_PrefabInternal: {fileID: 1587629308}
--- !u!4 &803415521 stripped
Transform:
  m_PrefabParentObject: {fileID: 400002, guid: 7b7e733e97e7a2347811c5c5971c5981, type: 3}
  m_PrefabInternal: {fileID: 2000114706}
--- !u!1001 &820738896
Prefab:
  m_ObjectHideFlags: 0
  serializedVersion: 2
  m_Modification:
    m_TransformParent: {fileID: 108870787}
    m_Modifications:
    - target: {fileID: 400002, guid: 0523dd2369c0b924aa93550d7670938e, type: 3}
      propertyPath: m_LocalPosition.x
      value: 0
      objectReference: {fileID: 0}
    - target: {fileID: 400002, guid: 0523dd2369c0b924aa93550d7670938e, type: 3}
      propertyPath: m_LocalPosition.y
      value: 0
      objectReference: {fileID: 0}
    - target: {fileID: 400002, guid: 0523dd2369c0b924aa93550d7670938e, type: 3}
      propertyPath: m_LocalPosition.z
      value: 0
      objectReference: {fileID: 0}
    - target: {fileID: 400002, guid: 0523dd2369c0b924aa93550d7670938e, type: 3}
      propertyPath: m_LocalRotation.x
      value: 0
      objectReference: {fileID: 0}
    - target: {fileID: 400002, guid: 0523dd2369c0b924aa93550d7670938e, type: 3}
      propertyPath: m_LocalRotation.y
      value: 0
      objectReference: {fileID: 0}
    - target: {fileID: 400002, guid: 0523dd2369c0b924aa93550d7670938e, type: 3}
      propertyPath: m_LocalRotation.z
      value: 0
      objectReference: {fileID: 0}
    - target: {fileID: 400002, guid: 0523dd2369c0b924aa93550d7670938e, type: 3}
      propertyPath: m_LocalRotation.w
      value: 1
      objectReference: {fileID: 0}
    - target: {fileID: 400002, guid: 0523dd2369c0b924aa93550d7670938e, type: 3}
      propertyPath: m_RootOrder
      value: 5
      objectReference: {fileID: 0}
    - target: {fileID: 2300000, guid: 0523dd2369c0b924aa93550d7670938e, type: 3}
      propertyPath: m_Enabled
      value: 0
      objectReference: {fileID: 0}
    - target: {fileID: 2300000, guid: 0523dd2369c0b924aa93550d7670938e, type: 3}
      propertyPath: m_Materials.Array.data[0]
      value: 
      objectReference: {fileID: 2100000, guid: 81541c80133b91e42b70a32f5ffee727, type: 2}
    m_RemovedComponents: []
  m_ParentPrefab: {fileID: 100100000, guid: 0523dd2369c0b924aa93550d7670938e, type: 3}
  m_IsPrefabParent: 0
--- !u!1001 &865112079
Prefab:
  m_ObjectHideFlags: 0
  serializedVersion: 2
  m_Modification:
    m_TransformParent: {fileID: 2146668668}
    m_Modifications:
    - target: {fileID: 400000, guid: 8190f9ffbbe4b6745ad62b1e8d94d788, type: 3}
      propertyPath: m_LocalPosition.x
      value: 0
      objectReference: {fileID: 0}
    - target: {fileID: 400000, guid: 8190f9ffbbe4b6745ad62b1e8d94d788, type: 3}
      propertyPath: m_LocalPosition.y
      value: 0
      objectReference: {fileID: 0}
    - target: {fileID: 400000, guid: 8190f9ffbbe4b6745ad62b1e8d94d788, type: 3}
      propertyPath: m_LocalPosition.z
      value: 0
      objectReference: {fileID: 0}
    - target: {fileID: 400000, guid: 8190f9ffbbe4b6745ad62b1e8d94d788, type: 3}
      propertyPath: m_LocalRotation.x
      value: 0
      objectReference: {fileID: 0}
    - target: {fileID: 400000, guid: 8190f9ffbbe4b6745ad62b1e8d94d788, type: 3}
      propertyPath: m_LocalRotation.y
      value: 0
      objectReference: {fileID: 0}
    - target: {fileID: 400000, guid: 8190f9ffbbe4b6745ad62b1e8d94d788, type: 3}
      propertyPath: m_LocalRotation.z
      value: 0
      objectReference: {fileID: 0}
    - target: {fileID: 400000, guid: 8190f9ffbbe4b6745ad62b1e8d94d788, type: 3}
      propertyPath: m_LocalRotation.w
      value: 1
      objectReference: {fileID: 0}
    - target: {fileID: 400000, guid: 8190f9ffbbe4b6745ad62b1e8d94d788, type: 3}
      propertyPath: m_RootOrder
      value: 0
      objectReference: {fileID: 0}
    - target: {fileID: 2300000, guid: 8190f9ffbbe4b6745ad62b1e8d94d788, type: 3}
      propertyPath: m_Materials.Array.data[0]
      value: 
      objectReference: {fileID: 2100000, guid: 81541c80133b91e42b70a32f5ffee727, type: 2}
    - target: {fileID: 2300000, guid: 8190f9ffbbe4b6745ad62b1e8d94d788, type: 3}
      propertyPath: m_Enabled
      value: 1
      objectReference: {fileID: 0}
    m_RemovedComponents: []
  m_ParentPrefab: {fileID: 100100000, guid: 8190f9ffbbe4b6745ad62b1e8d94d788, type: 3}
  m_IsPrefabParent: 0
--- !u!4 &865112080 stripped
Transform:
  m_PrefabParentObject: {fileID: 400000, guid: 8190f9ffbbe4b6745ad62b1e8d94d788, type: 3}
  m_PrefabInternal: {fileID: 865112079}
--- !u!1 &910361380 stripped
GameObject:
  m_PrefabParentObject: {fileID: 100000, guid: 9add3b90e6c0bb1498aeb7e31bc1ca9d, type: 3}
  m_PrefabInternal: {fileID: 1056638583}
--- !u!82 &910361384
AudioSource:
  m_ObjectHideFlags: 0
  m_PrefabParentObject: {fileID: 0}
  m_PrefabInternal: {fileID: 0}
  m_GameObject: {fileID: 910361380}
  m_Enabled: 1
  serializedVersion: 4
  OutputAudioMixerGroup: {fileID: 0}
  m_audioClip: {fileID: 8300000, guid: cb6897af27c3fcd4793531ce4497b099, type: 3}
  m_PlayOnAwake: 0
  m_Volume: 1
  m_Pitch: 1
  Loop: 0
  Mute: 0
  Spatialize: 0
  Priority: 128
  DopplerLevel: 1
  MinDistance: 1
  MaxDistance: 500
  Pan2D: 0
  rolloffMode: 0
  BypassEffects: 0
  BypassListenerEffects: 0
  BypassReverbZones: 0
  rolloffCustomCurve:
    serializedVersion: 2
    m_Curve:
    - time: 0
      value: 1
      inSlope: 0
      outSlope: 0
      tangentMode: 0
    - time: 1
      value: 0
      inSlope: 0
      outSlope: 0
      tangentMode: 0
    m_PreInfinity: 2
    m_PostInfinity: 2
    m_RotationOrder: 4
  panLevelCustomCurve:
    serializedVersion: 2
    m_Curve:
    - time: 0
      value: 0
      inSlope: 0
      outSlope: 0
      tangentMode: 0
    m_PreInfinity: 2
    m_PostInfinity: 2
    m_RotationOrder: 0
  spreadCustomCurve:
    serializedVersion: 2
    m_Curve:
    - time: 0
      value: 0
      inSlope: 0
      outSlope: 0
      tangentMode: 0
    m_PreInfinity: 2
    m_PostInfinity: 2
    m_RotationOrder: 4
  reverbZoneMixCustomCurve:
    serializedVersion: 2
    m_Curve:
    - time: 0
      value: 1
      inSlope: 0
      outSlope: 0
      tangentMode: 0
    m_PreInfinity: 2
    m_PostInfinity: 2
    m_RotationOrder: 0
--- !u!65 &910361385
BoxCollider:
  m_ObjectHideFlags: 0
  m_PrefabParentObject: {fileID: 0}
  m_PrefabInternal: {fileID: 0}
  m_GameObject: {fileID: 910361380}
  m_Material: {fileID: 0}
  m_IsTrigger: 0
  m_Enabled: 1
  serializedVersion: 2
  m_Size: {x: 1, y: 2.8704925, z: 0.7227108}
  m_Center: {x: 0.000014050168, y: 0.9352462, z: 0.13864468}
--- !u!114 &910361386
MonoBehaviour:
  m_ObjectHideFlags: 0
  m_PrefabParentObject: {fileID: 0}
  m_PrefabInternal: {fileID: 0}
  m_GameObject: {fileID: 910361380}
  m_Enabled: 1
  m_EditorHideFlags: 0
  m_Script: {fileID: 11500000, guid: 4a7955ad66298424a817be40135a0c93, type: 3}
  m_Name: 
  m_EditorClassIdentifier: 
  doorNumber: 12
--- !u!4 &940518204 stripped
Transform:
  m_PrefabParentObject: {fileID: 400002, guid: f9de0e170ea51ed4a9faec0929d17589, type: 3}
  m_PrefabInternal: {fileID: 150621040}
--- !u!1 &1007911399
GameObject:
  m_ObjectHideFlags: 0
  m_PrefabParentObject: {fileID: 0}
  m_PrefabInternal: {fileID: 0}
  serializedVersion: 4
  m_Component:
  - 4: {fileID: 1007911403}
  - 33: {fileID: 1007911402}
  - 64: {fileID: 1007911401}
  - 23: {fileID: 1007911400}
  m_Layer: 0
  m_Name: Wall Back Right
  m_TagString: Untagged
  m_Icon: {fileID: 0}
  m_NavMeshLayer: 0
  m_StaticEditorFlags: 0
  m_IsActive: 1
--- !u!23 &1007911400
MeshRenderer:
  m_ObjectHideFlags: 0
  m_PrefabParentObject: {fileID: 0}
  m_PrefabInternal: {fileID: 0}
  m_GameObject: {fileID: 1007911399}
  m_Enabled: 1
  m_CastShadows: 1
  m_ReceiveShadows: 1
  m_Materials:
  - {fileID: 2100000, guid: 41273ec9bbc16154a98b13ea748e0d53, type: 2}
  m_SubsetIndices: 
  m_StaticBatchRoot: {fileID: 0}
  m_UseLightProbes: 1
  m_ReflectionProbeUsage: 1
  m_ProbeAnchor: {fileID: 0}
  m_ScaleInLightmap: 1
  m_PreserveUVs: 1
  m_IgnoreNormalsForChartDetection: 0
  m_ImportantGI: 0
  m_MinimumChartSize: 4
  m_AutoUVMaxDistance: 0.5
  m_AutoUVMaxAngle: 89
  m_LightmapParameters: {fileID: 0}
  m_SortingLayerID: 0
  m_SortingOrder: 0
--- !u!64 &1007911401
MeshCollider:
  m_ObjectHideFlags: 0
  m_PrefabParentObject: {fileID: 0}
  m_PrefabInternal: {fileID: 0}
  m_GameObject: {fileID: 1007911399}
  m_Material: {fileID: 0}
  m_IsTrigger: 0
  m_Enabled: 1
  serializedVersion: 2
  m_Convex: 0
  m_Mesh: {fileID: 10209, guid: 0000000000000000e000000000000000, type: 0}
--- !u!33 &1007911402
MeshFilter:
  m_ObjectHideFlags: 0
  m_PrefabParentObject: {fileID: 0}
  m_PrefabInternal: {fileID: 0}
  m_GameObject: {fileID: 1007911399}
  m_Mesh: {fileID: 10209, guid: 0000000000000000e000000000000000, type: 0}
--- !u!4 &1007911403
Transform:
  m_ObjectHideFlags: 0
  m_PrefabParentObject: {fileID: 0}
  m_PrefabInternal: {fileID: 0}
  m_GameObject: {fileID: 1007911399}
  m_LocalRotation: {x: -0.49991375, y: 0.5000863, z: -0.49991348, w: -0.50008655}
  m_LocalPosition: {x: 2.5, y: 1.25, z: 0.64}
  m_LocalScale: {x: 0.63, y: 0.5, z: 0.25}
  m_Children: []
  m_Father: {fileID: 0}
  m_RootOrder: 8
--- !u!1 &1037571492
GameObject:
  m_ObjectHideFlags: 0
  m_PrefabParentObject: {fileID: 0}
  m_PrefabInternal: {fileID: 0}
  serializedVersion: 4
  m_Component:
  - 4: {fileID: 1037571493}
  m_Layer: 0
  m_Name: Door 12
  m_TagString: Untagged
  m_Icon: {fileID: 0}
  m_NavMeshLayer: 0
  m_StaticEditorFlags: 0
  m_IsActive: 1
--- !u!4 &1037571493
Transform:
  m_ObjectHideFlags: 0
  m_PrefabParentObject: {fileID: 0}
  m_PrefabInternal: {fileID: 0}
  m_GameObject: {fileID: 1037571492}
  m_LocalRotation: {x: 0, y: 0.7071068, z: 0, w: 0.7071067}
  m_LocalPosition: {x: 2.5, y: 0, z: -1.5}
  m_LocalScale: {x: 1, y: 1, z: 1}
  m_Children:
  - {fileID: 1056638584}
  m_Father: {fileID: 0}
  m_RootOrder: 13
--- !u!1001 &1056638583
Prefab:
  m_ObjectHideFlags: 0
  serializedVersion: 2
  m_Modification:
    m_TransformParent: {fileID: 1037571493}
    m_Modifications:
    - target: {fileID: 400002, guid: 9add3b90e6c0bb1498aeb7e31bc1ca9d, type: 3}
      propertyPath: m_LocalPosition.x
      value: 0
      objectReference: {fileID: 0}
    - target: {fileID: 400002, guid: 9add3b90e6c0bb1498aeb7e31bc1ca9d, type: 3}
      propertyPath: m_LocalPosition.y
      value: 0
      objectReference: {fileID: 0}
    - target: {fileID: 400002, guid: 9add3b90e6c0bb1498aeb7e31bc1ca9d, type: 3}
      propertyPath: m_LocalPosition.z
      value: 0
      objectReference: {fileID: 0}
    - target: {fileID: 400002, guid: 9add3b90e6c0bb1498aeb7e31bc1ca9d, type: 3}
      propertyPath: m_LocalRotation.x
      value: 0
      objectReference: {fileID: 0}
    - target: {fileID: 400002, guid: 9add3b90e6c0bb1498aeb7e31bc1ca9d, type: 3}
      propertyPath: m_LocalRotation.y
      value: 0
      objectReference: {fileID: 0}
    - target: {fileID: 400002, guid: 9add3b90e6c0bb1498aeb7e31bc1ca9d, type: 3}
      propertyPath: m_LocalRotation.z
      value: 0
      objectReference: {fileID: 0}
    - target: {fileID: 400002, guid: 9add3b90e6c0bb1498aeb7e31bc1ca9d, type: 3}
      propertyPath: m_LocalRotation.w
      value: 1
      objectReference: {fileID: 0}
    - target: {fileID: 400002, guid: 9add3b90e6c0bb1498aeb7e31bc1ca9d, type: 3}
      propertyPath: m_RootOrder
      value: 0
      objectReference: {fileID: 0}
    - target: {fileID: 400002, guid: 9add3b90e6c0bb1498aeb7e31bc1ca9d, type: 3}
      propertyPath: m_LocalScale.x
      value: 1
      objectReference: {fileID: 0}
    - target: {fileID: 400002, guid: 9add3b90e6c0bb1498aeb7e31bc1ca9d, type: 3}
      propertyPath: m_LocalScale.z
      value: 1
      objectReference: {fileID: 0}
    - target: {fileID: 2300000, guid: 9add3b90e6c0bb1498aeb7e31bc1ca9d, type: 3}
      propertyPath: m_Materials.Array.data[0]
      value: 
      objectReference: {fileID: 2100000, guid: 81541c80133b91e42b70a32f5ffee727, type: 2}
    m_RemovedComponents: []
  m_ParentPrefab: {fileID: 100100000, guid: 9add3b90e6c0bb1498aeb7e31bc1ca9d, type: 3}
  m_IsPrefabParent: 0
--- !u!4 &1056638584 stripped
Transform:
  m_PrefabParentObject: {fileID: 400002, guid: 9add3b90e6c0bb1498aeb7e31bc1ca9d, type: 3}
  m_PrefabInternal: {fileID: 1056638583}
--- !u!4 &1075243455 stripped
Transform:
  m_PrefabParentObject: {fileID: 400000, guid: 2a058dbe32b89654f942210631293db2, type: 3}
  m_PrefabInternal: {fileID: 2047067887}
--- !u!1 &1078283838
GameObject:
  m_ObjectHideFlags: 0
  m_PrefabParentObject: {fileID: 0}
  m_PrefabInternal: {fileID: 0}
  serializedVersion: 4
  m_Component:
  - 4: {fileID: 1078283839}
  m_Layer: 0
  m_Name: Door 11
  m_TagString: Untagged
  m_Icon: {fileID: 0}
  m_NavMeshLayer: 0
  m_StaticEditorFlags: 0
  m_IsActive: 1
--- !u!4 &1078283839
Transform:
  m_ObjectHideFlags: 0
  m_PrefabParentObject: {fileID: 0}
  m_PrefabInternal: {fileID: 0}
  m_GameObject: {fileID: 1078283838}
  m_LocalRotation: {x: 0, y: 0.7071068, z: 0, w: 0.7071067}
  m_LocalPosition: {x: 2.5, y: 0, z: 0}
  m_LocalScale: {x: 1, y: 1, z: 1}
  m_Children:
  - {fileID: 1332860482}
  m_Father: {fileID: 0}
  m_RootOrder: 14
--- !u!1 &1127109394
GameObject:
  m_ObjectHideFlags: 0
  m_PrefabParentObject: {fileID: 0}
  m_PrefabInternal: {fileID: 0}
  serializedVersion: 4
  m_Component:
  - 4: {fileID: 1127109396}
  - 108: {fileID: 1127109395}
  m_Layer: 0
  m_Name: Point light 2
  m_TagString: Untagged
  m_Icon: {fileID: 0}
  m_NavMeshLayer: 0
  m_StaticEditorFlags: 0
  m_IsActive: 1
--- !u!108 &1127109395
Light:
  m_ObjectHideFlags: 0
  m_PrefabParentObject: {fileID: 0}
  m_PrefabInternal: {fileID: 0}
  m_GameObject: {fileID: 1127109394}
  m_Enabled: 1
  serializedVersion: 6
  m_Type: 2
  m_Color: {r: 1, g: 1, b: 1, a: 1}
  m_Intensity: 1.41
  m_Range: 10
  m_SpotAngle: 30
  m_CookieSize: 10
  m_Shadows:
    m_Type: 1
    m_Resolution: -1
    m_Strength: 1
    m_Bias: 0.05
    m_NormalBias: 0.4
    m_NearPlane: 0.2
  m_Cookie: {fileID: 0}
  m_DrawHalo: 0
  m_Flare: {fileID: 0}
  m_RenderMode: 0
  m_CullingMask:
    serializedVersion: 2
    m_Bits: 4294967295
  m_Lightmapping: 4
  m_BounceIntensity: 1
  m_ShadowRadius: 0
  m_ShadowAngle: 0
  m_AreaSize: {x: 1, y: 1}
--- !u!4 &1127109396
Transform:
  m_ObjectHideFlags: 0
  m_PrefabParentObject: {fileID: 0}
  m_PrefabInternal: {fileID: 0}
  m_GameObject: {fileID: 1127109394}
  m_LocalRotation: {x: 0, y: 0, z: 0, w: 1}
  m_LocalPosition: {x: 0.5595383, y: 2.18, z: 4.83}
  m_LocalScale: {x: 1, y: 1, z: 1}
  m_Children: []
  m_Father: {fileID: 0}
  m_RootOrder: 12
--- !u!1001 &1142180667
Prefab:
  m_ObjectHideFlags: 0
  serializedVersion: 2
  m_Modification:
    m_TransformParent: {fileID: 2146668668}
    m_Modifications:
    - target: {fileID: 400000, guid: 628b8a6bc29343948b97ffe30213e9db, type: 3}
      propertyPath: m_LocalPosition.x
      value: 0
      objectReference: {fileID: 0}
    - target: {fileID: 400000, guid: 628b8a6bc29343948b97ffe30213e9db, type: 3}
      propertyPath: m_LocalPosition.y
      value: 0
      objectReference: {fileID: 0}
    - target: {fileID: 400000, guid: 628b8a6bc29343948b97ffe30213e9db, type: 3}
      propertyPath: m_LocalPosition.z
      value: 0
      objectReference: {fileID: 0}
    - target: {fileID: 400000, guid: 628b8a6bc29343948b97ffe30213e9db, type: 3}
      propertyPath: m_LocalRotation.x
      value: 0
      objectReference: {fileID: 0}
    - target: {fileID: 400000, guid: 628b8a6bc29343948b97ffe30213e9db, type: 3}
      propertyPath: m_LocalRotation.y
      value: 0
      objectReference: {fileID: 0}
    - target: {fileID: 400000, guid: 628b8a6bc29343948b97ffe30213e9db, type: 3}
      propertyPath: m_LocalRotation.z
      value: 0
      objectReference: {fileID: 0}
    - target: {fileID: 400000, guid: 628b8a6bc29343948b97ffe30213e9db, type: 3}
      propertyPath: m_LocalRotation.w
      value: 1
      objectReference: {fileID: 0}
    - target: {fileID: 400000, guid: 628b8a6bc29343948b97ffe30213e9db, type: 3}
      propertyPath: m_RootOrder
      value: 1
      objectReference: {fileID: 0}
    - target: {fileID: 2300000, guid: 628b8a6bc29343948b97ffe30213e9db, type: 3}
      propertyPath: m_Materials.Array.data[0]
      value: 
      objectReference: {fileID: 2100000, guid: 81541c80133b91e42b70a32f5ffee727, type: 2}
    - target: {fileID: 2300000, guid: 628b8a6bc29343948b97ffe30213e9db, type: 3}
      propertyPath: m_Enabled
      value: 0
      objectReference: {fileID: 0}
    m_RemovedComponents: []
  m_ParentPrefab: {fileID: 100100000, guid: 628b8a6bc29343948b97ffe30213e9db, type: 3}
  m_IsPrefabParent: 0
--- !u!4 &1142180668 stripped
Transform:
  m_PrefabParentObject: {fileID: 400000, guid: 628b8a6bc29343948b97ffe30213e9db, type: 3}
  m_PrefabInternal: {fileID: 1142180667}
--- !u!1001 &1151628377
Prefab:
  m_ObjectHideFlags: 0
  serializedVersion: 2
  m_Modification:
    m_TransformParent: {fileID: 2146668668}
    m_Modifications:
    - target: {fileID: 400000, guid: 570a261e3ee88b44eb3446e35f2bbb09, type: 3}
      propertyPath: m_LocalPosition.x
      value: 0
      objectReference: {fileID: 0}
    - target: {fileID: 400000, guid: 570a261e3ee88b44eb3446e35f2bbb09, type: 3}
      propertyPath: m_LocalPosition.y
      value: 0
      objectReference: {fileID: 0}
    - target: {fileID: 400000, guid: 570a261e3ee88b44eb3446e35f2bbb09, type: 3}
      propertyPath: m_LocalPosition.z
      value: 0
      objectReference: {fileID: 0}
    - target: {fileID: 400000, guid: 570a261e3ee88b44eb3446e35f2bbb09, type: 3}
      propertyPath: m_LocalRotation.x
      value: 0
      objectReference: {fileID: 0}
    - target: {fileID: 400000, guid: 570a261e3ee88b44eb3446e35f2bbb09, type: 3}
      propertyPath: m_LocalRotation.y
      value: 0
      objectReference: {fileID: 0}
    - target: {fileID: 400000, guid: 570a261e3ee88b44eb3446e35f2bbb09, type: 3}
      propertyPath: m_LocalRotation.z
      value: 0
      objectReference: {fileID: 0}
    - target: {fileID: 400000, guid: 570a261e3ee88b44eb3446e35f2bbb09, type: 3}
      propertyPath: m_LocalRotation.w
      value: 1
      objectReference: {fileID: 0}
    - target: {fileID: 400000, guid: 570a261e3ee88b44eb3446e35f2bbb09, type: 3}
      propertyPath: m_RootOrder
      value: 2
      objectReference: {fileID: 0}
    - target: {fileID: 2300000, guid: 570a261e3ee88b44eb3446e35f2bbb09, type: 3}
      propertyPath: m_Materials.Array.data[0]
      value: 
      objectReference: {fileID: 2100000, guid: 81541c80133b91e42b70a32f5ffee727, type: 2}
    - target: {fileID: 2300000, guid: 570a261e3ee88b44eb3446e35f2bbb09, type: 3}
      propertyPath: m_Enabled
      value: 0
      objectReference: {fileID: 0}
    m_RemovedComponents: []
  m_ParentPrefab: {fileID: 100100000, guid: 570a261e3ee88b44eb3446e35f2bbb09, type: 3}
  m_IsPrefabParent: 0
--- !u!4 &1151628378 stripped
Transform:
  m_PrefabParentObject: {fileID: 400000, guid: 570a261e3ee88b44eb3446e35f2bbb09, type: 3}
  m_PrefabInternal: {fileID: 1151628377}
--- !u!1 &1161927033
GameObject:
  m_ObjectHideFlags: 0
  m_PrefabParentObject: {fileID: 0}
  m_PrefabInternal: {fileID: 0}
  serializedVersion: 4
  m_Component:
  - 4: {fileID: 1161927034}
  m_Layer: 0
  m_Name: Door 10
  m_TagString: Untagged
  m_Icon: {fileID: 0}
  m_NavMeshLayer: 0
  m_StaticEditorFlags: 0
  m_IsActive: 1
--- !u!4 &1161927034
Transform:
  m_ObjectHideFlags: 0
  m_PrefabParentObject: {fileID: 0}
  m_PrefabInternal: {fileID: 0}
  m_GameObject: {fileID: 1161927033}
  m_LocalRotation: {x: 0, y: 0.7071068, z: 0, w: 0.7071067}
  m_LocalPosition: {x: 2.5, y: 0, z: 1.75}
  m_LocalScale: {x: 1, y: 1, z: 1}
  m_Children:
  - {fileID: 1665383618}
  m_Father: {fileID: 0}
  m_RootOrder: 15
--- !u!1001 &1167530414
Prefab:
  m_ObjectHideFlags: 0
  serializedVersion: 2
  m_Modification:
    m_TransformParent: {fileID: 2139008143}
    m_Modifications:
    - target: {fileID: 400000, guid: c8ef61edec3453345bd3ee18e5a603ab, type: 3}
      propertyPath: m_LocalPosition.x
      value: 0
      objectReference: {fileID: 0}
    - target: {fileID: 400000, guid: c8ef61edec3453345bd3ee18e5a603ab, type: 3}
      propertyPath: m_LocalPosition.y
      value: 0
      objectReference: {fileID: 0}
    - target: {fileID: 400000, guid: c8ef61edec3453345bd3ee18e5a603ab, type: 3}
      propertyPath: m_LocalPosition.z
      value: 0
      objectReference: {fileID: 0}
    - target: {fileID: 400000, guid: c8ef61edec3453345bd3ee18e5a603ab, type: 3}
      propertyPath: m_LocalRotation.x
      value: 0
      objectReference: {fileID: 0}
    - target: {fileID: 400000, guid: c8ef61edec3453345bd3ee18e5a603ab, type: 3}
      propertyPath: m_LocalRotation.y
      value: 0
      objectReference: {fileID: 0}
    - target: {fileID: 400000, guid: c8ef61edec3453345bd3ee18e5a603ab, type: 3}
      propertyPath: m_LocalRotation.z
      value: 0
      objectReference: {fileID: 0}
    - target: {fileID: 400000, guid: c8ef61edec3453345bd3ee18e5a603ab, type: 3}
      propertyPath: m_LocalRotation.w
      value: 1
      objectReference: {fileID: 0}
    - target: {fileID: 400000, guid: c8ef61edec3453345bd3ee18e5a603ab, type: 3}
      propertyPath: m_RootOrder
      value: 1
      objectReference: {fileID: 0}
    - target: {fileID: 2300000, guid: c8ef61edec3453345bd3ee18e5a603ab, type: 3}
      propertyPath: m_Materials.Array.data[0]
      value: 
      objectReference: {fileID: 2100000, guid: 81541c80133b91e42b70a32f5ffee727, type: 2}
    - target: {fileID: 2300000, guid: c8ef61edec3453345bd3ee18e5a603ab, type: 3}
      propertyPath: m_ReceiveShadows
      value: 1
      objectReference: {fileID: 0}
    - target: {fileID: 2300000, guid: c8ef61edec3453345bd3ee18e5a603ab, type: 3}
      propertyPath: m_Enabled
      value: 0
      objectReference: {fileID: 0}
    m_RemovedComponents: []
  m_ParentPrefab: {fileID: 100100000, guid: c8ef61edec3453345bd3ee18e5a603ab, type: 3}
  m_IsPrefabParent: 0
--- !u!4 &1195006166 stripped
Transform:
  m_PrefabParentObject: {fileID: 400000, guid: c8ef61edec3453345bd3ee18e5a603ab, type: 3}
  m_PrefabInternal: {fileID: 1167530414}
--- !u!1 &1304282699
GameObject:
  m_ObjectHideFlags: 0
  m_PrefabParentObject: {fileID: 0}
  m_PrefabInternal: {fileID: 0}
  serializedVersion: 4
  m_Component:
  - 4: {fileID: 1304282702}
  - 64: {fileID: 1304282701}
  - 114: {fileID: 1304282700}
  m_Layer: 0
  m_Name: LevelTrigger
  m_TagString: Untagged
  m_Icon: {fileID: 0}
  m_NavMeshLayer: 0
  m_StaticEditorFlags: 0
  m_IsActive: 1
--- !u!114 &1304282700
MonoBehaviour:
  m_ObjectHideFlags: 0
  m_PrefabParentObject: {fileID: 0}
  m_PrefabInternal: {fileID: 0}
  m_GameObject: {fileID: 1304282699}
  m_Enabled: 1
  m_EditorHideFlags: 0
  m_Script: {fileID: 11500000, guid: 07653e4657d1e2b439d944054d411f24, type: 3}
  m_Name: 
  m_EditorClassIdentifier: 
  state: {fileID: 0}
--- !u!64 &1304282701
MeshCollider:
  m_ObjectHideFlags: 0
  m_PrefabParentObject: {fileID: 0}
  m_PrefabInternal: {fileID: 0}
  m_GameObject: {fileID: 1304282699}
  m_Material: {fileID: 0}
  m_IsTrigger: 1
  m_Enabled: 1
  serializedVersion: 2
  m_Convex: 1
  m_Mesh: {fileID: 10209, guid: 0000000000000000e000000000000000, type: 0}
--- !u!4 &1304282702
Transform:
  m_ObjectHideFlags: 0
  m_PrefabParentObject: {fileID: 0}
  m_PrefabInternal: {fileID: 0}
  m_GameObject: {fileID: 1304282699}
  m_LocalRotation: {x: 0.5, y: 0.5, z: -0.5000001, w: 0.49999994}
  m_LocalPosition: {x: -0.06, y: 0.18, z: 2.5}
  m_LocalScale: {x: 0.5, y: 0.5, z: 0.032788306}
  m_Children: []
  m_Father: {fileID: 0}
  m_RootOrder: 10
--- !u!1001 &1332860481
Prefab:
  m_ObjectHideFlags: 0
  serializedVersion: 2
  m_Modification:
    m_TransformParent: {fileID: 1078283839}
    m_Modifications:
    - target: {fileID: 400002, guid: ee64032ab6464434e807ff56d36c84af, type: 3}
      propertyPath: m_LocalPosition.x
      value: 0
      objectReference: {fileID: 0}
    - target: {fileID: 400002, guid: ee64032ab6464434e807ff56d36c84af, type: 3}
      propertyPath: m_LocalPosition.y
      value: 0
      objectReference: {fileID: 0}
    - target: {fileID: 400002, guid: ee64032ab6464434e807ff56d36c84af, type: 3}
      propertyPath: m_LocalPosition.z
      value: 0
      objectReference: {fileID: 0}
    - target: {fileID: 400002, guid: ee64032ab6464434e807ff56d36c84af, type: 3}
      propertyPath: m_LocalRotation.x
      value: 0
      objectReference: {fileID: 0}
    - target: {fileID: 400002, guid: ee64032ab6464434e807ff56d36c84af, type: 3}
      propertyPath: m_LocalRotation.y
      value: 0
      objectReference: {fileID: 0}
    - target: {fileID: 400002, guid: ee64032ab6464434e807ff56d36c84af, type: 3}
      propertyPath: m_LocalRotation.z
      value: 0
      objectReference: {fileID: 0}
    - target: {fileID: 400002, guid: ee64032ab6464434e807ff56d36c84af, type: 3}
      propertyPath: m_LocalRotation.w
      value: 1
      objectReference: {fileID: 0}
    - target: {fileID: 400002, guid: ee64032ab6464434e807ff56d36c84af, type: 3}
      propertyPath: m_RootOrder
      value: 1
      objectReference: {fileID: 0}
    - target: {fileID: 400002, guid: ee64032ab6464434e807ff56d36c84af, type: 3}
      propertyPath: m_LocalScale.x
      value: 1
      objectReference: {fileID: 0}
    - target: {fileID: 400002, guid: ee64032ab6464434e807ff56d36c84af, type: 3}
      propertyPath: m_LocalScale.z
      value: 1
      objectReference: {fileID: 0}
    - target: {fileID: 2300000, guid: ee64032ab6464434e807ff56d36c84af, type: 3}
      propertyPath: m_Materials.Array.data[0]
      value: 
      objectReference: {fileID: 2100000, guid: 81541c80133b91e42b70a32f5ffee727, type: 2}
    m_RemovedComponents: []
  m_ParentPrefab: {fileID: 100100000, guid: ee64032ab6464434e807ff56d36c84af, type: 3}
  m_IsPrefabParent: 0
--- !u!4 &1332860482 stripped
Transform:
  m_PrefabParentObject: {fileID: 400002, guid: ee64032ab6464434e807ff56d36c84af, type: 3}
  m_PrefabInternal: {fileID: 1332860481}
--- !u!1 &1432759651 stripped
GameObject:
  m_PrefabParentObject: {fileID: 100000, guid: 2036184afe7897944b4132f57782de0d, type: 3}
  m_PrefabInternal: {fileID: 1547035387}
--- !u!114 &1432759655
MonoBehaviour:
  m_ObjectHideFlags: 0
  m_PrefabParentObject: {fileID: 0}
  m_PrefabInternal: {fileID: 0}
  m_GameObject: {fileID: 1432759651}
  m_Enabled: 1
  m_EditorHideFlags: 0
  m_Script: {fileID: 11500000, guid: 4a7955ad66298424a817be40135a0c93, type: 3}
  m_Name: 
  m_EditorClassIdentifier: 
  doorNumber: 9
--- !u!82 &1432759656
AudioSource:
  m_ObjectHideFlags: 0
  m_PrefabParentObject: {fileID: 0}
  m_PrefabInternal: {fileID: 0}
  m_GameObject: {fileID: 1432759651}
  m_Enabled: 1
  serializedVersion: 4
  OutputAudioMixerGroup: {fileID: 0}
  m_audioClip: {fileID: 8300000, guid: cb6897af27c3fcd4793531ce4497b099, type: 3}
  m_PlayOnAwake: 0
  m_Volume: 1
  m_Pitch: 1
  Loop: 0
  Mute: 0
  Spatialize: 0
  Priority: 128
  DopplerLevel: 1
  MinDistance: 1
  MaxDistance: 500
  Pan2D: 0
  rolloffMode: 0
  BypassEffects: 0
  BypassListenerEffects: 0
  BypassReverbZones: 0
  rolloffCustomCurve:
    serializedVersion: 2
    m_Curve:
    - time: 0
      value: 1
      inSlope: 0
      outSlope: 0
      tangentMode: 0
    - time: 1
      value: 0
      inSlope: 0
      outSlope: 0
      tangentMode: 0
    m_PreInfinity: 2
    m_PostInfinity: 2
    m_RotationOrder: 4
  panLevelCustomCurve:
    serializedVersion: 2
    m_Curve:
    - time: 0
      value: 0
      inSlope: 0
      outSlope: 0
      tangentMode: 0
    m_PreInfinity: 2
    m_PostInfinity: 2
    m_RotationOrder: 0
  spreadCustomCurve:
    serializedVersion: 2
    m_Curve:
    - time: 0
      value: 0
      inSlope: 0
      outSlope: 0
      tangentMode: 0
    m_PreInfinity: 2
    m_PostInfinity: 2
    m_RotationOrder: 0
  reverbZoneMixCustomCurve:
    serializedVersion: 2
    m_Curve:
    - time: 0
      value: 1
      inSlope: 0
      outSlope: 0
      tangentMode: 0
    m_PreInfinity: 2
    m_PostInfinity: 2
    m_RotationOrder: 0
--- !u!65 &1432759657
BoxCollider:
  m_ObjectHideFlags: 0
  m_PrefabParentObject: {fileID: 0}
  m_PrefabInternal: {fileID: 0}
  m_GameObject: {fileID: 1432759651}
  m_Material: {fileID: 0}
  m_IsTrigger: 0
  m_Enabled: 1
  serializedVersion: 2
  m_Size: {x: 1, y: 2.9219213, z: 0.6940927}
  m_Center: {x: 0, y: 0.9609606, z: 0.15295458}
--- !u!1 &1449588704
GameObject:
  m_ObjectHideFlags: 0
  m_PrefabParentObject: {fileID: 0}
  m_PrefabInternal: {fileID: 0}
  serializedVersion: 4
  m_Component:
  - 4: {fileID: 1449588708}
  - 33: {fileID: 1449588707}
  - 64: {fileID: 1449588706}
  - 23: {fileID: 1449588705}
  m_Layer: 0
  m_Name: Wall Left
  m_TagString: Untagged
  m_Icon: {fileID: 0}
  m_NavMeshLayer: 0
  m_StaticEditorFlags: 0
  m_IsActive: 1
--- !u!23 &1449588705
MeshRenderer:
  m_ObjectHideFlags: 0
  m_PrefabParentObject: {fileID: 0}
  m_PrefabInternal: {fileID: 0}
  m_GameObject: {fileID: 1449588704}
  m_Enabled: 1
  m_CastShadows: 1
  m_ReceiveShadows: 1
  m_Materials:
  - {fileID: 2100000, guid: 41273ec9bbc16154a98b13ea748e0d53, type: 2}
  m_SubsetIndices: 
  m_StaticBatchRoot: {fileID: 0}
  m_UseLightProbes: 1
  m_ReflectionProbeUsage: 1
  m_ProbeAnchor: {fileID: 0}
  m_ScaleInLightmap: 1
  m_PreserveUVs: 1
  m_IgnoreNormalsForChartDetection: 0
  m_ImportantGI: 0
  m_MinimumChartSize: 4
  m_AutoUVMaxDistance: 0.5
  m_AutoUVMaxAngle: 89
  m_LightmapParameters: {fileID: 0}
  m_SortingLayerID: 0
  m_SortingOrder: 0
--- !u!64 &1449588706
MeshCollider:
  m_ObjectHideFlags: 0
  m_PrefabParentObject: {fileID: 0}
  m_PrefabInternal: {fileID: 0}
  m_GameObject: {fileID: 1449588704}
  m_Material: {fileID: 0}
  m_IsTrigger: 0
  m_Enabled: 1
  serializedVersion: 2
  m_Convex: 0
  m_Mesh: {fileID: 10209, guid: 0000000000000000e000000000000000, type: 0}
--- !u!33 &1449588707
MeshFilter:
  m_ObjectHideFlags: 0
  m_PrefabParentObject: {fileID: 0}
  m_PrefabInternal: {fileID: 0}
  m_GameObject: {fileID: 1449588704}
  m_Mesh: {fileID: 10209, guid: 0000000000000000e000000000000000, type: 0}
--- !u!4 &1449588708
Transform:
  m_ObjectHideFlags: 0
  m_PrefabParentObject: {fileID: 0}
  m_PrefabInternal: {fileID: 0}
  m_GameObject: {fileID: 1449588704}
  m_LocalRotation: {x: -0.000000115202326, y: 0.7071067, z: -0.7071068, w: -0.00000011520231}
  m_LocalPosition: {x: 1.25, y: 1.25, z: 7.5}
  m_LocalScale: {x: 0.25, y: 0.5, z: 0.25}
  m_Children: []
  m_Father: {fileID: 0}
  m_RootOrder: 5
--- !u!1 &1501054131
GameObject:
  m_ObjectHideFlags: 0
  m_PrefabParentObject: {fileID: 0}
  m_PrefabInternal: {fileID: 0}
  serializedVersion: 4
  m_Component:
  - 4: {fileID: 1501054132}
  m_Layer: 0
  m_Name: Door 9
  m_TagString: Untagged
  m_Icon: {fileID: 0}
  m_NavMeshLayer: 0
  m_StaticEditorFlags: 0
  m_IsActive: 1
--- !u!4 &1501054132
Transform:
  m_ObjectHideFlags: 0
  m_PrefabParentObject: {fileID: 0}
  m_PrefabInternal: {fileID: 0}
  m_GameObject: {fileID: 1501054131}
  m_LocalRotation: {x: 0, y: 0, z: 0, w: 1}
  m_LocalPosition: {x: 1.2, y: 0, z: 7.37}
  m_LocalScale: {x: 1, y: 1, z: 1}
  m_Children:
  - {fileID: 328414104}
  m_Father: {fileID: 0}
  m_RootOrder: 16
--- !u!1 &1507941538
GameObject:
  m_ObjectHideFlags: 0
  m_PrefabParentObject: {fileID: 0}
  m_PrefabInternal: {fileID: 0}
  serializedVersion: 4
  m_Component:
  - 4: {fileID: 1507941540}
  - 81: {fileID: 1507941539}
  - 143: {fileID: 1507941542}
  - 114: {fileID: 1507941541}
  - 114: {fileID: 1507941543}
  m_Layer: 0
  m_Name: BillMurray
  m_TagString: Untagged
  m_Icon: {fileID: 0}
  m_NavMeshLayer: 0
  m_StaticEditorFlags: 0
  m_IsActive: 1
--- !u!81 &1507941539
AudioListener:
  m_ObjectHideFlags: 0
  m_PrefabParentObject: {fileID: 0}
  m_PrefabInternal: {fileID: 0}
  m_GameObject: {fileID: 1507941538}
  m_Enabled: 1
--- !u!4 &1507941540
Transform:
  m_ObjectHideFlags: 0
  m_PrefabParentObject: {fileID: 0}
  m_PrefabInternal: {fileID: 0}
  m_GameObject: {fileID: 1507941538}
  m_LocalRotation: {x: 0, y: 0, z: 0, w: 1}
  m_LocalPosition: {x: 0.55, y: 0, z: -1.1550474}
  m_LocalScale: {x: 1, y: 1, z: 1}
  m_Children:
  - {fileID: 2139008143}
  - {fileID: 2146668668}
  m_Father: {fileID: 0}
  m_RootOrder: 18
--- !u!114 &1507941541
MonoBehaviour:
  m_ObjectHideFlags: 0
  m_PrefabParentObject: {fileID: 0}
  m_PrefabInternal: {fileID: 0}
  m_GameObject: {fileID: 1507941538}
  m_Enabled: 1
  m_EditorHideFlags: 0
  m_Script: {fileID: 11500000, guid: e9c2b306ee4232b4eb81f2dec0a1bab8, type: 3}
  m_Name: 
  m_EditorClassIdentifier: 
--- !u!143 &1507941542
CharacterController:
  m_ObjectHideFlags: 0
  m_PrefabParentObject: {fileID: 0}
  m_PrefabInternal: {fileID: 0}
  m_GameObject: {fileID: 1507941538}
  m_Material: {fileID: 0}
  m_IsTrigger: 0
  m_Enabled: 1
  serializedVersion: 2
  m_Height: 1.9
  m_Radius: 0.5
  m_SlopeLimit: 90
  m_StepOffset: 0.3
  m_SkinWidth: 0.01
  m_MinMoveDistance: 0.001
  m_Center: {x: 0.05, y: 1, z: 0}
--- !u!114 &1507941543
MonoBehaviour:
  m_ObjectHideFlags: 0
  m_PrefabParentObject: {fileID: 0}
  m_PrefabInternal: {fileID: 0}
  m_GameObject: {fileID: 1507941538}
  m_Enabled: 1
  m_EditorHideFlags: 0
  m_Script: {fileID: 11500000, guid: 0f9b1cf4372927e4ab09810966f0e278, type: 3}
  m_Name: 
  m_EditorClassIdentifier: 
  speed: 1
  jumpSpeed: 8
  gravity: 20
--- !u!1 &1520312151
GameObject:
  m_ObjectHideFlags: 0
  m_PrefabParentObject: {fileID: 0}
  m_PrefabInternal: {fileID: 0}
  serializedVersion: 4
  m_Component:
  - 4: {fileID: 1520312155}
  - 33: {fileID: 1520312154}
  - 64: {fileID: 1520312153}
  - 23: {fileID: 1520312152}
  m_Layer: 0
  m_Name: Wall Back Top
  m_TagString: Untagged
  m_Icon: {fileID: 0}
  m_NavMeshLayer: 0
  m_StaticEditorFlags: 0
  m_IsActive: 1
--- !u!23 &1520312152
MeshRenderer:
  m_ObjectHideFlags: 0
  m_PrefabParentObject: {fileID: 0}
  m_PrefabInternal: {fileID: 0}
  m_GameObject: {fileID: 1520312151}
  m_Enabled: 1
  m_CastShadows: 1
  m_ReceiveShadows: 1
  m_Materials:
  - {fileID: 2100000, guid: 41273ec9bbc16154a98b13ea748e0d53, type: 2}
  m_SubsetIndices: 
  m_StaticBatchRoot: {fileID: 0}
  m_UseLightProbes: 1
  m_ReflectionProbeUsage: 1
  m_ProbeAnchor: {fileID: 0}
  m_ScaleInLightmap: 1
  m_PreserveUVs: 1
  m_IgnoreNormalsForChartDetection: 0
  m_ImportantGI: 0
  m_MinimumChartSize: 4
  m_AutoUVMaxDistance: 0.5
  m_AutoUVMaxAngle: 89
  m_LightmapParameters: {fileID: 0}
  m_SortingLayerID: 0
  m_SortingOrder: 0
--- !u!64 &1520312153
MeshCollider:
  m_ObjectHideFlags: 0
  m_PrefabParentObject: {fileID: 0}
  m_PrefabInternal: {fileID: 0}
  m_GameObject: {fileID: 1520312151}
  m_Material: {fileID: 0}
  m_IsTrigger: 0
  m_Enabled: 1
  serializedVersion: 2
  m_Convex: 0
  m_Mesh: {fileID: 10209, guid: 0000000000000000e000000000000000, type: 0}
--- !u!33 &1520312154
MeshFilter:
  m_ObjectHideFlags: 0
  m_PrefabParentObject: {fileID: 0}
  m_PrefabInternal: {fileID: 0}
  m_GameObject: {fileID: 1520312151}
  m_Mesh: {fileID: 10209, guid: 0000000000000000e000000000000000, type: 0}
--- !u!4 &1520312155
Transform:
  m_ObjectHideFlags: 0
  m_PrefabParentObject: {fileID: 0}
  m_PrefabInternal: {fileID: 0}
  m_GameObject: {fileID: 1520312151}
  m_LocalRotation: {x: -0.49991375, y: 0.5000863, z: -0.49991348, w: -0.50008655}
  m_LocalPosition: {x: 2.5, y: 2.39, z: 2.5}
  m_LocalScale: {x: 1, y: 0.5, z: 0.02}
  m_Children: []
  m_Father: {fileID: 0}
  m_RootOrder: 6
--- !u!1 &1524336468 stripped
GameObject:
  m_PrefabParentObject: {fileID: 100000, guid: 5864ccab4fd283d42aa7b634781fa592, type: 3}
  m_PrefabInternal: {fileID: 1665383617}
--- !u!82 &1524336472
AudioSource:
  m_ObjectHideFlags: 0
  m_PrefabParentObject: {fileID: 0}
  m_PrefabInternal: {fileID: 0}
  m_GameObject: {fileID: 1524336468}
  m_Enabled: 1
  serializedVersion: 4
  OutputAudioMixerGroup: {fileID: 0}
  m_audioClip: {fileID: 8300000, guid: cb6897af27c3fcd4793531ce4497b099, type: 3}
  m_PlayOnAwake: 0
  m_Volume: 1
  m_Pitch: 1
  Loop: 0
  Mute: 0
  Spatialize: 0
  Priority: 128
  DopplerLevel: 1
  MinDistance: 1
  MaxDistance: 500
  Pan2D: 0
  rolloffMode: 0
  BypassEffects: 0
  BypassListenerEffects: 0
  BypassReverbZones: 0
  rolloffCustomCurve:
    serializedVersion: 2
    m_Curve:
    - time: 0
      value: 1
      inSlope: 0
      outSlope: 0
      tangentMode: 0
    - time: 1
      value: 0
      inSlope: 0
      outSlope: 0
      tangentMode: 0
    m_PreInfinity: 2
    m_PostInfinity: 2
    m_RotationOrder: 4
  panLevelCustomCurve:
    serializedVersion: 2
    m_Curve:
    - time: 0
      value: 0
      inSlope: 0
      outSlope: 0
      tangentMode: 0
    m_PreInfinity: 2
    m_PostInfinity: 2
    m_RotationOrder: 0
  spreadCustomCurve:
    serializedVersion: 2
    m_Curve:
    - time: 0
      value: 0
      inSlope: 0
      outSlope: 0
      tangentMode: 0
    m_PreInfinity: 2
    m_PostInfinity: 2
    m_RotationOrder: 4
  reverbZoneMixCustomCurve:
    serializedVersion: 2
    m_Curve:
    - time: 0
      value: 1
      inSlope: 0
      outSlope: 0
      tangentMode: 0
    m_PreInfinity: 2
    m_PostInfinity: 2
    m_RotationOrder: 0
--- !u!65 &1524336473
BoxCollider:
  m_ObjectHideFlags: 0
  m_PrefabParentObject: {fileID: 0}
  m_PrefabInternal: {fileID: 0}
  m_GameObject: {fileID: 1524336468}
  m_Material: {fileID: 0}
  m_IsTrigger: 0
  m_Enabled: 1
  serializedVersion: 2
  m_Size: {x: 1, y: 2.9006882, z: 0.68879664}
  m_Center: {x: -0.000000018549258, y: 0.9503441, z: 0.15560244}
--- !u!114 &1524336474
MonoBehaviour:
  m_ObjectHideFlags: 0
  m_PrefabParentObject: {fileID: 0}
  m_PrefabInternal: {fileID: 0}
  m_GameObject: {fileID: 1524336468}
  m_Enabled: 1
  m_EditorHideFlags: 0
  m_Script: {fileID: 11500000, guid: 4a7955ad66298424a817be40135a0c93, type: 3}
  m_Name: 
  m_EditorClassIdentifier: 
  doorNumber: 10
--- !u!1001 &1547035387
Prefab:
  m_ObjectHideFlags: 0
  serializedVersion: 2
  m_Modification:
    m_TransformParent: {fileID: 1501054132}
    m_Modifications:
    - target: {fileID: 400002, guid: 2036184afe7897944b4132f57782de0d, type: 3}
      propertyPath: m_LocalPosition.x
      value: 0
      objectReference: {fileID: 0}
    - target: {fileID: 400002, guid: 2036184afe7897944b4132f57782de0d, type: 3}
      propertyPath: m_LocalPosition.y
      value: 0
      objectReference: {fileID: 0}
    - target: {fileID: 400002, guid: 2036184afe7897944b4132f57782de0d, type: 3}
      propertyPath: m_LocalPosition.z
      value: 0
      objectReference: {fileID: 0}
    - target: {fileID: 400002, guid: 2036184afe7897944b4132f57782de0d, type: 3}
      propertyPath: m_LocalRotation.x
      value: 0
      objectReference: {fileID: 0}
    - target: {fileID: 400002, guid: 2036184afe7897944b4132f57782de0d, type: 3}
      propertyPath: m_LocalRotation.y
      value: 0
      objectReference: {fileID: 0}
    - target: {fileID: 400002, guid: 2036184afe7897944b4132f57782de0d, type: 3}
      propertyPath: m_LocalRotation.z
      value: 0
      objectReference: {fileID: 0}
    - target: {fileID: 400002, guid: 2036184afe7897944b4132f57782de0d, type: 3}
      propertyPath: m_LocalRotation.w
      value: 1
      objectReference: {fileID: 0}
    - target: {fileID: 400002, guid: 2036184afe7897944b4132f57782de0d, type: 3}
      propertyPath: m_RootOrder
      value: 0
      objectReference: {fileID: 0}
    - target: {fileID: 400002, guid: 2036184afe7897944b4132f57782de0d, type: 3}
      propertyPath: m_LocalScale.x
      value: 1
      objectReference: {fileID: 0}
    - target: {fileID: 400002, guid: 2036184afe7897944b4132f57782de0d, type: 3}
      propertyPath: m_LocalScale.z
      value: 1
      objectReference: {fileID: 0}
    - target: {fileID: 2300000, guid: 2036184afe7897944b4132f57782de0d, type: 3}
      propertyPath: m_Materials.Array.data[0]
      value: 
      objectReference: {fileID: 2100000, guid: 81541c80133b91e42b70a32f5ffee727, type: 2}
    - target: {fileID: 400000, guid: 2036184afe7897944b4132f57782de0d, type: 3}
      propertyPath: m_LocalPosition.z
      value: 0.11
      objectReference: {fileID: 0}
    m_RemovedComponents: []
  m_ParentPrefab: {fileID: 100100000, guid: 2036184afe7897944b4132f57782de0d, type: 3}
  m_IsPrefabParent: 0
--- !u!1001 &1587629308
Prefab:
  m_ObjectHideFlags: 0
  serializedVersion: 2
  m_Modification:
    m_TransformParent: {fileID: 108870787}
    m_Modifications:
    - target: {fileID: 400002, guid: 7193b88e88f7e6647bac21d3daa0f0c4, type: 3}
      propertyPath: m_LocalPosition.x
      value: 0
      objectReference: {fileID: 0}
    - target: {fileID: 400002, guid: 7193b88e88f7e6647bac21d3daa0f0c4, type: 3}
      propertyPath: m_LocalPosition.y
      value: 0
      objectReference: {fileID: 0}
    - target: {fileID: 400002, guid: 7193b88e88f7e6647bac21d3daa0f0c4, type: 3}
      propertyPath: m_LocalPosition.z
      value: -0
      objectReference: {fileID: 0}
    - target: {fileID: 400002, guid: 7193b88e88f7e6647bac21d3daa0f0c4, type: 3}
      propertyPath: m_LocalRotation.x
      value: 0
      objectReference: {fileID: 0}
    - target: {fileID: 400002, guid: 7193b88e88f7e6647bac21d3daa0f0c4, type: 3}
      propertyPath: m_LocalRotation.y
      value: 0
      objectReference: {fileID: 0}
    - target: {fileID: 400002, guid: 7193b88e88f7e6647bac21d3daa0f0c4, type: 3}
      propertyPath: m_LocalRotation.z
      value: 0
      objectReference: {fileID: 0}
    - target: {fileID: 400002, guid: 7193b88e88f7e6647bac21d3daa0f0c4, type: 3}
      propertyPath: m_LocalRotation.w
      value: 1
      objectReference: {fileID: 0}
    - target: {fileID: 400002, guid: 7193b88e88f7e6647bac21d3daa0f0c4, type: 3}
      propertyPath: m_RootOrder
      value: 0
      objectReference: {fileID: 0}
    - target: {fileID: 2300000, guid: 7193b88e88f7e6647bac21d3daa0f0c4, type: 3}
      propertyPath: m_Enabled
      value: 1
      objectReference: {fileID: 0}
    - target: {fileID: 2300000, guid: 7193b88e88f7e6647bac21d3daa0f0c4, type: 3}
      propertyPath: m_Materials.Array.data[0]
      value: 
      objectReference: {fileID: 2100000, guid: 81541c80133b91e42b70a32f5ffee727, type: 2}
    m_RemovedComponents: []
  m_ParentPrefab: {fileID: 100100000, guid: 7193b88e88f7e6647bac21d3daa0f0c4, type: 3}
  m_IsPrefabParent: 0
--- !u!1001 &1665383617
Prefab:
  m_ObjectHideFlags: 0
  serializedVersion: 2
  m_Modification:
    m_TransformParent: {fileID: 1161927034}
    m_Modifications:
    - target: {fileID: 400002, guid: 5864ccab4fd283d42aa7b634781fa592, type: 3}
      propertyPath: m_LocalPosition.x
      value: 0
      objectReference: {fileID: 0}
    - target: {fileID: 400002, guid: 5864ccab4fd283d42aa7b634781fa592, type: 3}
      propertyPath: m_LocalPosition.y
      value: 0
      objectReference: {fileID: 0}
    - target: {fileID: 400002, guid: 5864ccab4fd283d42aa7b634781fa592, type: 3}
      propertyPath: m_LocalPosition.z
      value: 0
      objectReference: {fileID: 0}
    - target: {fileID: 400002, guid: 5864ccab4fd283d42aa7b634781fa592, type: 3}
      propertyPath: m_LocalRotation.x
      value: 0
      objectReference: {fileID: 0}
    - target: {fileID: 400002, guid: 5864ccab4fd283d42aa7b634781fa592, type: 3}
      propertyPath: m_LocalRotation.y
      value: 0
      objectReference: {fileID: 0}
    - target: {fileID: 400002, guid: 5864ccab4fd283d42aa7b634781fa592, type: 3}
      propertyPath: m_LocalRotation.z
      value: 0
      objectReference: {fileID: 0}
    - target: {fileID: 400002, guid: 5864ccab4fd283d42aa7b634781fa592, type: 3}
      propertyPath: m_LocalRotation.w
      value: 1
      objectReference: {fileID: 0}
    - target: {fileID: 400002, guid: 5864ccab4fd283d42aa7b634781fa592, type: 3}
      propertyPath: m_RootOrder
      value: 1
      objectReference: {fileID: 0}
    - target: {fileID: 400002, guid: 5864ccab4fd283d42aa7b634781fa592, type: 3}
      propertyPath: m_LocalScale.x
      value: 1
      objectReference: {fileID: 0}
    - target: {fileID: 400002, guid: 5864ccab4fd283d42aa7b634781fa592, type: 3}
      propertyPath: m_LocalScale.z
      value: 1
      objectReference: {fileID: 0}
    - target: {fileID: 2300000, guid: 5864ccab4fd283d42aa7b634781fa592, type: 3}
      propertyPath: m_Materials.Array.data[0]
      value: 
      objectReference: {fileID: 2100000, guid: 81541c80133b91e42b70a32f5ffee727, type: 2}
    m_RemovedComponents: []
  m_ParentPrefab: {fileID: 100100000, guid: 5864ccab4fd283d42aa7b634781fa592, type: 3}
  m_IsPrefabParent: 0
--- !u!4 &1665383618 stripped
Transform:
  m_PrefabParentObject: {fileID: 400002, guid: 5864ccab4fd283d42aa7b634781fa592, type: 3}
  m_PrefabInternal: {fileID: 1665383617}
--- !u!1 &1723191584
GameObject:
  m_ObjectHideFlags: 0
  m_PrefabParentObject: {fileID: 0}
  m_PrefabInternal: {fileID: 0}
  serializedVersion: 4
  m_Component:
  - 4: {fileID: 1723191589}
  - 20: {fileID: 1723191588}
  - 92: {fileID: 1723191587}
  - 124: {fileID: 1723191586}
  m_Layer: 0
  m_Name: Main Camera
  m_TagString: MainCamera
  m_Icon: {fileID: 0}
  m_NavMeshLayer: 0
  m_StaticEditorFlags: 0
  m_IsActive: 1
--- !u!124 &1723191586
Behaviour:
  m_ObjectHideFlags: 0
  m_PrefabParentObject: {fileID: 0}
  m_PrefabInternal: {fileID: 0}
  m_GameObject: {fileID: 1723191584}
  m_Enabled: 1
--- !u!92 &1723191587
Behaviour:
  m_ObjectHideFlags: 0
  m_PrefabParentObject: {fileID: 0}
  m_PrefabInternal: {fileID: 0}
  m_GameObject: {fileID: 1723191584}
  m_Enabled: 1
--- !u!20 &1723191588
Camera:
  m_ObjectHideFlags: 0
  m_PrefabParentObject: {fileID: 0}
  m_PrefabInternal: {fileID: 0}
  m_GameObject: {fileID: 1723191584}
  m_Enabled: 1
  serializedVersion: 2
  m_ClearFlags: 1
  m_BackGroundColor: {r: 0, g: 0, b: 0, a: 0.019607844}
  m_NormalizedViewPortRect:
    serializedVersion: 2
    x: 0
    y: 0
    width: 1
    height: 1
  near clip plane: 0.3
  far clip plane: 1000
  field of view: 60
  orthographic: 1
  orthographic size: 3.1
  m_Depth: -1
  m_CullingMask:
    serializedVersion: 2
    m_Bits: 4294967295
  m_RenderingPath: -1
  m_TargetTexture: {fileID: 0}
  m_TargetDisplay: 0
  m_TargetEye: 3
  m_HDR: 0
  m_OcclusionCulling: 1
  m_StereoConvergence: 10
  m_StereoSeparation: 0.022
  m_StereoMirrorMode: 0
--- !u!4 &1723191589
Transform:
  m_ObjectHideFlags: 0
  m_PrefabParentObject: {fileID: 0}
  m_PrefabInternal: {fileID: 0}
  m_GameObject: {fileID: 1723191584}
  m_LocalRotation: {x: 0.16043003, y: 0.37686965, z: -0.0664523, w: 0.90984374}
  m_LocalPosition: {x: -2.6, y: 3.017, z: -1.63}
  m_LocalScale: {x: 1, y: 1, z: 1}
  m_Children: []
  m_Father: {fileID: 0}
  m_RootOrder: 0
--- !u!1 &1730798819
GameObject:
  m_ObjectHideFlags: 0
  m_PrefabParentObject: {fileID: 0}
  m_PrefabInternal: {fileID: 0}
  serializedVersion: 4
  m_Component:
  - 4: {fileID: 1730798823}
  - 33: {fileID: 1730798822}
  - 64: {fileID: 1730798821}
  - 23: {fileID: 1730798820}
  m_Layer: 0
  m_Name: Wall Back Left
  m_TagString: Untagged
  m_Icon: {fileID: 0}
  m_NavMeshLayer: 0
  m_StaticEditorFlags: 0
  m_IsActive: 1
--- !u!23 &1730798820
MeshRenderer:
  m_ObjectHideFlags: 0
  m_PrefabParentObject: {fileID: 0}
  m_PrefabInternal: {fileID: 0}
  m_GameObject: {fileID: 1730798819}
  m_Enabled: 1
  m_CastShadows: 1
  m_ReceiveShadows: 1
  m_Materials:
  - {fileID: 2100000, guid: 41273ec9bbc16154a98b13ea748e0d53, type: 2}
  m_SubsetIndices: 
  m_StaticBatchRoot: {fileID: 0}
  m_UseLightProbes: 1
  m_ReflectionProbeUsage: 1
  m_ProbeAnchor: {fileID: 0}
  m_ScaleInLightmap: 1
  m_PreserveUVs: 1
  m_IgnoreNormalsForChartDetection: 0
  m_ImportantGI: 0
  m_MinimumChartSize: 4
  m_AutoUVMaxDistance: 0.5
  m_AutoUVMaxAngle: 89
  m_LightmapParameters: {fileID: 0}
  m_SortingLayerID: 0
  m_SortingOrder: 0
--- !u!64 &1730798821
MeshCollider:
  m_ObjectHideFlags: 0
  m_PrefabParentObject: {fileID: 0}
  m_PrefabInternal: {fileID: 0}
  m_GameObject: {fileID: 1730798819}
  m_Material: {fileID: 0}
  m_IsTrigger: 0
  m_Enabled: 1
  serializedVersion: 2
  m_Convex: 0
  m_Mesh: {fileID: 10209, guid: 0000000000000000e000000000000000, type: 0}
--- !u!33 &1730798822
MeshFilter:
  m_ObjectHideFlags: 0
  m_PrefabParentObject: {fileID: 0}
  m_PrefabInternal: {fileID: 0}
  m_GameObject: {fileID: 1730798819}
  m_Mesh: {fileID: 10209, guid: 0000000000000000e000000000000000, type: 0}
--- !u!4 &1730798823
Transform:
  m_ObjectHideFlags: 0
  m_PrefabParentObject: {fileID: 0}
  m_PrefabInternal: {fileID: 0}
  m_GameObject: {fileID: 1730798819}
  m_LocalRotation: {x: -0.49991375, y: 0.5000863, z: -0.49991348, w: -0.50008655}
  m_LocalPosition: {x: 2.5, y: 1.25, z: 6.84}
  m_LocalScale: {x: 0.13, y: 0.5, z: 0.25}
  m_Children: []
  m_Father: {fileID: 0}
  m_RootOrder: 7
--- !u!4 &1835443389 stripped
Transform:
  m_PrefabParentObject: {fileID: 400002, guid: d3caf1feada5a424ab12a6163dd04aaa, type: 3}
  m_PrefabInternal: {fileID: 481734961}
--- !u!1 &1871397837
GameObject:
  m_ObjectHideFlags: 0
  m_PrefabParentObject: {fileID: 0}
  m_PrefabInternal: {fileID: 0}
  serializedVersion: 4
  m_Component:
  - 4: {fileID: 1871397841}
  - 33: {fileID: 1871397840}
  - 64: {fileID: 1871397839}
  - 23: {fileID: 1871397838}
  m_Layer: 0
  m_Name: Floor
  m_TagString: Untagged
  m_Icon: {fileID: 0}
  m_NavMeshLayer: 0
  m_StaticEditorFlags: 0
  m_IsActive: 1
--- !u!23 &1871397838
MeshRenderer:
  m_ObjectHideFlags: 0
  m_PrefabParentObject: {fileID: 0}
  m_PrefabInternal: {fileID: 0}
  m_GameObject: {fileID: 1871397837}
  m_Enabled: 1
  m_CastShadows: 1
  m_ReceiveShadows: 1
  m_Materials:
  - {fileID: 2100000, guid: e3ce54e8d87f90240a232ab31d47d61f, type: 2}
  m_SubsetIndices: 
  m_StaticBatchRoot: {fileID: 0}
  m_UseLightProbes: 1
  m_ReflectionProbeUsage: 1
  m_ProbeAnchor: {fileID: 0}
  m_ScaleInLightmap: 1
  m_PreserveUVs: 1
  m_IgnoreNormalsForChartDetection: 0
  m_ImportantGI: 0
  m_MinimumChartSize: 4
  m_AutoUVMaxDistance: 0.5
  m_AutoUVMaxAngle: 89
  m_LightmapParameters: {fileID: 0}
  m_SortingLayerID: 0
  m_SortingOrder: 0
--- !u!64 &1871397839
MeshCollider:
  m_ObjectHideFlags: 0
  m_PrefabParentObject: {fileID: 0}
  m_PrefabInternal: {fileID: 0}
  m_GameObject: {fileID: 1871397837}
  m_Material: {fileID: 0}
  m_IsTrigger: 0
  m_Enabled: 1
  serializedVersion: 2
  m_Convex: 0
  m_Mesh: {fileID: 10209, guid: 0000000000000000e000000000000000, type: 0}
--- !u!33 &1871397840
MeshFilter:
  m_ObjectHideFlags: 0
  m_PrefabParentObject: {fileID: 0}
  m_PrefabInternal: {fileID: 0}
  m_GameObject: {fileID: 1871397837}
  m_Mesh: {fileID: 10209, guid: 0000000000000000e000000000000000, type: 0}
--- !u!4 &1871397841
Transform:
  m_ObjectHideFlags: 0
  m_PrefabParentObject: {fileID: 0}
  m_PrefabInternal: {fileID: 0}
  m_GameObject: {fileID: 1871397837}
  m_LocalRotation: {x: 0, y: 0, z: 0, w: 1}
  m_LocalPosition: {x: 1.25, y: -0, z: 2.4999995}
  m_LocalScale: {x: 0.25, y: 0.49999994, z: 1}
  m_Children: []
  m_Father: {fileID: 0}
  m_RootOrder: 4
--- !u!4 &1949209730 stripped
Transform:
  m_PrefabParentObject: {fileID: 400002, guid: 0523dd2369c0b924aa93550d7670938e, type: 3}
  m_PrefabInternal: {fileID: 820738896}
--- !u!1 &1979918726
GameObject:
  m_ObjectHideFlags: 0
  m_PrefabParentObject: {fileID: 0}
  m_PrefabInternal: {fileID: 0}
  serializedVersion: 4
  m_Component:
  - 4: {fileID: 1979918730}
  - 33: {fileID: 1979918729}
  - 64: {fileID: 1979918728}
  - 23: {fileID: 1979918727}
  m_Layer: 0
  m_Name: Plane (1)
  m_TagString: Untagged
  m_Icon: {fileID: 0}
  m_NavMeshLayer: 0
  m_StaticEditorFlags: 0
  m_IsActive: 1
--- !u!23 &1979918727
MeshRenderer:
  m_ObjectHideFlags: 0
  m_PrefabParentObject: {fileID: 0}
  m_PrefabInternal: {fileID: 0}
  m_GameObject: {fileID: 1979918726}
  m_Enabled: 1
  m_CastShadows: 1
  m_ReceiveShadows: 1
  m_Materials:
  - {fileID: 2100000, guid: 2f9bdb628ee98ce4d9945f4ababe7712, type: 2}
  m_SubsetIndices: 
  m_StaticBatchRoot: {fileID: 0}
  m_UseLightProbes: 1
  m_ReflectionProbeUsage: 1
  m_ProbeAnchor: {fileID: 0}
  m_ScaleInLightmap: 1
  m_PreserveUVs: 1
  m_IgnoreNormalsForChartDetection: 0
  m_ImportantGI: 0
  m_MinimumChartSize: 4
  m_AutoUVMaxDistance: 0.5
  m_AutoUVMaxAngle: 89
  m_LightmapParameters: {fileID: 0}
  m_SortingLayerID: 0
  m_SortingOrder: 0
--- !u!64 &1979918728
MeshCollider:
  m_ObjectHideFlags: 0
  m_PrefabParentObject: {fileID: 0}
  m_PrefabInternal: {fileID: 0}
  m_GameObject: {fileID: 1979918726}
  m_Material: {fileID: 0}
  m_IsTrigger: 0
  m_Enabled: 1
  serializedVersion: 2
  m_Convex: 0
  m_Mesh: {fileID: 10209, guid: 0000000000000000e000000000000000, type: 0}
--- !u!33 &1979918729
MeshFilter:
  m_ObjectHideFlags: 0
  m_PrefabParentObject: {fileID: 0}
  m_PrefabInternal: {fileID: 0}
  m_GameObject: {fileID: 1979918726}
  m_Mesh: {fileID: 10209, guid: 0000000000000000e000000000000000, type: 0}
--- !u!4 &1979918730
Transform:
  m_ObjectHideFlags: 0
  m_PrefabParentObject: {fileID: 0}
  m_PrefabInternal: {fileID: 0}
  m_GameObject: {fileID: 1979918726}
  m_LocalRotation: {x: 0, y: 0, z: 0.7071068, w: 0.7071067}
  m_LocalPosition: {x: 2.5, y: 7.5, z: 2.5}
  m_LocalScale: {x: 1, y: 1, z: 1}
  m_Children: []
  m_Father: {fileID: 0}
  m_RootOrder: 20
--- !u!1001 &2000114706
Prefab:
  m_ObjectHideFlags: 0
  serializedVersion: 2
  m_Modification:
    m_TransformParent: {fileID: 108870787}
    m_Modifications:
    - target: {fileID: 400002, guid: 7b7e733e97e7a2347811c5c5971c5981, type: 3}
      propertyPath: m_LocalPosition.x
      value: 0
      objectReference: {fileID: 0}
    - target: {fileID: 400002, guid: 7b7e733e97e7a2347811c5c5971c5981, type: 3}
      propertyPath: m_LocalPosition.y
      value: 0
      objectReference: {fileID: 0}
    - target: {fileID: 400002, guid: 7b7e733e97e7a2347811c5c5971c5981, type: 3}
      propertyPath: m_LocalPosition.z
      value: 0
      objectReference: {fileID: 0}
    - target: {fileID: 400002, guid: 7b7e733e97e7a2347811c5c5971c5981, type: 3}
      propertyPath: m_LocalRotation.x
      value: 0
      objectReference: {fileID: 0}
    - target: {fileID: 400002, guid: 7b7e733e97e7a2347811c5c5971c5981, type: 3}
      propertyPath: m_LocalRotation.y
      value: 0
      objectReference: {fileID: 0}
    - target: {fileID: 400002, guid: 7b7e733e97e7a2347811c5c5971c5981, type: 3}
      propertyPath: m_LocalRotation.z
      value: 0
      objectReference: {fileID: 0}
    - target: {fileID: 400002, guid: 7b7e733e97e7a2347811c5c5971c5981, type: 3}
      propertyPath: m_LocalRotation.w
      value: 1
      objectReference: {fileID: 0}
    - target: {fileID: 400002, guid: 7b7e733e97e7a2347811c5c5971c5981, type: 3}
      propertyPath: m_RootOrder
      value: 1
      objectReference: {fileID: 0}
    - target: {fileID: 2300000, guid: 7b7e733e97e7a2347811c5c5971c5981, type: 3}
      propertyPath: m_Enabled
      value: 0
      objectReference: {fileID: 0}
    - target: {fileID: 2300000, guid: 7b7e733e97e7a2347811c5c5971c5981, type: 3}
      propertyPath: m_Materials.Array.data[0]
      value: 
      objectReference: {fileID: 2100000, guid: 81541c80133b91e42b70a32f5ffee727, type: 2}
    m_RemovedComponents: []
  m_ParentPrefab: {fileID: 100100000, guid: 7b7e733e97e7a2347811c5c5971c5981, type: 3}
  m_IsPrefabParent: 0
--- !u!1001 &2047067887
Prefab:
  m_ObjectHideFlags: 0
  serializedVersion: 2
  m_Modification:
    m_TransformParent: {fileID: 2139008143}
    m_Modifications:
    - target: {fileID: 400000, guid: 2a058dbe32b89654f942210631293db2, type: 3}
      propertyPath: m_LocalPosition.x
      value: 0
      objectReference: {fileID: 0}
    - target: {fileID: 400000, guid: 2a058dbe32b89654f942210631293db2, type: 3}
      propertyPath: m_LocalPosition.y
      value: 0
      objectReference: {fileID: 0}
    - target: {fileID: 400000, guid: 2a058dbe32b89654f942210631293db2, type: 3}
      propertyPath: m_LocalPosition.z
      value: 0
      objectReference: {fileID: 0}
    - target: {fileID: 400000, guid: 2a058dbe32b89654f942210631293db2, type: 3}
      propertyPath: m_LocalRotation.x
      value: 0
      objectReference: {fileID: 0}
    - target: {fileID: 400000, guid: 2a058dbe32b89654f942210631293db2, type: 3}
      propertyPath: m_LocalRotation.y
      value: 0
      objectReference: {fileID: 0}
    - target: {fileID: 400000, guid: 2a058dbe32b89654f942210631293db2, type: 3}
      propertyPath: m_LocalRotation.z
      value: 0
      objectReference: {fileID: 0}
    - target: {fileID: 400000, guid: 2a058dbe32b89654f942210631293db2, type: 3}
      propertyPath: m_LocalRotation.w
      value: 1
      objectReference: {fileID: 0}
    - target: {fileID: 400000, guid: 2a058dbe32b89654f942210631293db2, type: 3}
      propertyPath: m_RootOrder
      value: 2
      objectReference: {fileID: 0}
    - target: {fileID: 2300000, guid: 2a058dbe32b89654f942210631293db2, type: 3}
      propertyPath: m_Materials.Array.data[0]
      value: 
      objectReference: {fileID: 2100000, guid: 81541c80133b91e42b70a32f5ffee727, type: 2}
    - target: {fileID: 2300000, guid: 2a058dbe32b89654f942210631293db2, type: 3}
      propertyPath: m_Enabled
      value: 1
      objectReference: {fileID: 0}
    m_RemovedComponents: []
  m_ParentPrefab: {fileID: 100100000, guid: 2a058dbe32b89654f942210631293db2, type: 3}
  m_IsPrefabParent: 0
--- !u!1 &2092532371
GameObject:
  m_ObjectHideFlags: 0
  m_PrefabParentObject: {fileID: 0}
  m_PrefabInternal: {fileID: 0}
  serializedVersion: 4
  m_Component:
  - 4: {fileID: 2092532373}
  - 108: {fileID: 2092532372}
  m_Layer: 0
  m_Name: Point light 1
  m_TagString: Untagged
  m_Icon: {fileID: 0}
  m_NavMeshLayer: 0
  m_StaticEditorFlags: 0
  m_IsActive: 1
--- !u!108 &2092532372
Light:
  m_ObjectHideFlags: 0
  m_PrefabParentObject: {fileID: 0}
  m_PrefabInternal: {fileID: 0}
  m_GameObject: {fileID: 2092532371}
  m_Enabled: 1
  serializedVersion: 6
  m_Type: 2
  m_Color: {r: 1, g: 1, b: 1, a: 1}
  m_Intensity: 1.54
  m_Range: 10
  m_SpotAngle: 30
  m_CookieSize: 10
  m_Shadows:
    m_Type: 1
    m_Resolution: -1
    m_Strength: 1
    m_Bias: 0.05
    m_NormalBias: 0.4
    m_NearPlane: 0.2
  m_Cookie: {fileID: 0}
  m_DrawHalo: 0
  m_Flare: {fileID: 0}
  m_RenderMode: 0
  m_CullingMask:
    serializedVersion: 2
    m_Bits: 4294967295
  m_Lightmapping: 4
  m_BounceIntensity: 1
  m_ShadowRadius: 0
  m_ShadowAngle: 0
  m_AreaSize: {x: 1, y: 1}
--- !u!4 &2092532373
Transform:
  m_ObjectHideFlags: 0
  m_PrefabParentObject: {fileID: 0}
  m_PrefabInternal: {fileID: 0}
  m_GameObject: {fileID: 2092532371}
  m_LocalRotation: {x: 0, y: 0, z: 0, w: 1}
  m_LocalPosition: {x: 0.5595383, y: 2.18, z: -1.12}
  m_LocalScale: {x: 1, y: 1, z: 1}
  m_Children: []
  m_Father: {fileID: 0}
  m_RootOrder: 11
--- !u!4 &2133974189 stripped
Transform:
  m_PrefabParentObject: {fileID: 400002, guid: b1b6993986ef5e349a285750fc8efc5d, type: 3}
  m_PrefabInternal: {fileID: 485334308}
--- !u!1 &2139008142
GameObject:
  m_ObjectHideFlags: 0
  m_PrefabParentObject: {fileID: 0}
  m_PrefabInternal: {fileID: 0}
  serializedVersion: 4
  m_Component:
  - 4: {fileID: 2139008143}
  - 95: {fileID: 2139008146}
  m_Layer: 0
  m_Name: BillWalking
  m_TagString: Untagged
  m_Icon: {fileID: 0}
  m_NavMeshLayer: 0
  m_StaticEditorFlags: 0
  m_IsActive: 1
--- !u!4 &2139008143
Transform:
  m_ObjectHideFlags: 0
  m_PrefabParentObject: {fileID: 0}
  m_PrefabInternal: {fileID: 0}
  m_GameObject: {fileID: 2139008142}
  m_LocalRotation: {x: 0, y: 0, z: 0, w: 1}
  m_LocalPosition: {x: 0, y: 0, z: 0}
  m_LocalScale: {x: 1, y: 1, z: 1}
  m_Children:
  - {fileID: 58357366}
  - {fileID: 1195006166}
  - {fileID: 1075243455}
  m_Father: {fileID: 1507941540}
  m_RootOrder: 0
--- !u!95 &2139008146
Animator:
  serializedVersion: 3
  m_ObjectHideFlags: 0
  m_PrefabParentObject: {fileID: 0}
  m_PrefabInternal: {fileID: 0}
  m_GameObject: {fileID: 2139008142}
  m_Enabled: 1
  m_Avatar: {fileID: 0}
  m_Controller: {fileID: 9100000, guid: 69d48f513428a904b98db7d845ca3cac, type: 2}
  m_CullingMode: 0
  m_UpdateMode: 0
  m_ApplyRootMotion: 0
  m_LinearVelocityBlending: 0
  m_WarningMessage: 
  m_HasTransformHierarchy: 1
  m_AllowConstantClipSamplingOptimization: 1
--- !u!1 &2146668667
GameObject:
  m_ObjectHideFlags: 0
  m_PrefabParentObject: {fileID: 0}
  m_PrefabInternal: {fileID: 0}
  serializedVersion: 4
  m_Component:
  - 4: {fileID: 2146668668}
  - 95: {fileID: 2146668671}
  m_Layer: 0
  m_Name: BillDressedWalking
  m_TagString: Untagged
  m_Icon: {fileID: 0}
  m_NavMeshLayer: 0
  m_StaticEditorFlags: 0
  m_IsActive: 1
--- !u!4 &2146668668
Transform:
  m_ObjectHideFlags: 0
  m_PrefabParentObject: {fileID: 0}
  m_PrefabInternal: {fileID: 0}
  m_GameObject: {fileID: 2146668667}
  m_LocalRotation: {x: 0, y: 0, z: 0, w: 1}
  m_LocalPosition: {x: 0, y: 0, z: 0}
  m_LocalScale: {x: 1, y: 1, z: 1}
  m_Children:
  - {fileID: 865112080}
  - {fileID: 1142180668}
  - {fileID: 1151628378}
  m_Father: {fileID: 1507941540}
  m_RootOrder: 1
--- !u!95 &2146668671
Animator:
  serializedVersion: 3
  m_ObjectHideFlags: 0
  m_PrefabParentObject: {fileID: 0}
  m_PrefabInternal: {fileID: 0}
  m_GameObject: {fileID: 2146668667}
  m_Enabled: 1
  m_Avatar: {fileID: 0}
  m_Controller: {fileID: 9100000, guid: 9447a7fa2a8e58949a9a52ecd2db4d60, type: 2}
  m_CullingMode: 0
  m_UpdateMode: 0
  m_ApplyRootMotion: 0
  m_LinearVelocityBlending: 0
  m_WarningMessage: 
  m_HasTransformHierarchy: 1
  m_AllowConstantClipSamplingOptimization: 1
